3034 5500
297 740 410 821 noa]
684 759 864 806 srrsroru.
1191 750 1254 809 295

292 912 414 974 stantia
440 911 593 994 temporis
623 913 664 974 ab
691 933 729 975 eo
755 912 879 992 diverti,
905 925 941 977 nt
969 913 1172 993 innocentie,
1193 936 1250 979 ne·

291 1012 437 1076 cessitati
461 1023 493 1076 et
515 1012 718 1076 verecundiae
741 1036 820 1078 meae
843 1016 1073 1099 prospicerem,
1095 1017 1194 1080 immo
1217 1027 1251 1080 et

290 1134 401 1178 causas
416 1111 569 1178 Domini:
595 1134 776 1178 reversurus
802 1126 908 1180 tamen
932 1118 1075 1181 Domino
1099 1118 1247 1201 propitio,

289 1214 318 1277 si
345 1212 488 1297 quando,
504 1213 594 1298 quod
620 1234 722 1296 spero,
741 1217 819 1279 mihi
846 1239 918 1281 cum
937 1217 1148 1283 indemnitate
1167 1238 1245 1281 con·

287 1314 435 1378 scientiae
451 1325 483 1377 et
496 1315 590 1377 iarnae
605 1327 690 1378 recta
706 1320 888 1400 apparuerit
904 1317 994 1401 pacis
1011 1320 1073 1398 ria,
1088 1320 1242 1404 alioquin,

288 1426 366 1480 ante
396 1416 474 1478 milri
501 1428 634 1478 mortem
664 1417 779 1481 inferat
805 1423 1013 1503 temporalem
1038 1420 1110 1502 pius
1138 1421 1246 1506 lesus,

288 1537 387 1600 quam
403 1517 509 1600 ipsum
525 1537 581 1599 pro
597 1537 677 1598 pace
694 1519 744 1580 vel
760 1519 858 1600 gratia
872 1520 1013 1585 hominis
1027 1520 1245 1604 recuperanda
1287 1519 1292 1530 '
1336 1536 1339 1543 '

287 1619 430 1682 scienter
443 1618 615 1682 offendam.

329 1719 396 1784 Sed
411 1732 446 1784 tu
466 1721 582 1782 multas
602 1720 754 1803 proponis
777 1720 1004 1798 difficultates3
1026 1722 1130 1806 primo
1152 1724 1241 1810 qnod

286 1823 439 1888 Ecclesia
461 1823 638 1903 Anglorum
661 1822 693 1885 in
717 1844 825 1886 arcum
848 1844 980 1907 pravum
1001 1844 1155 1891 conversa
1175 1828 1242 1892 cal·

286 1944 424 1988 caucum
451 1923 544 2005 erigit
566 1922 718 1986 adversus
739 1923 929 2000 Dominum,
951 1935 983 1988 et
1008 1925 1156 2011 episcopi
1180 1927 1240 1992 sub

284 2024 515 2109 appellationis
544 2033 701 2106 praetextu
723 2024 876 2088 malitiam
907 2047 997 2088 suam
1019 2025 1164 2091 nituntur
1186 2051 1238 2093 co·

284 2123 387 2185 lorare
413 2133 445 2184 et
474 2141 628 2184 evacuare
655 2122 858 2199 sententiam,
888 2144 952 2206 qua
981 2122 1021 2188 de
1051 2123 1138 2189 sedis
1163 2147 1241 2211 apo·

285 2222 410 2288 stolicis
419 2219 546 2307 judicio
566 2224 735 2286 emanavit.
773 2224 836 2287 Sed
852 2224 1007 2307 profecto,
1029 2227 1058 2289 si
1078 2226 1241 2292 Dominus

285 2325 460 2388 nobiscnm
491 2335 549 2401 est,
577 2323 643 2386 imo
673 2326 749 2407 quia
777 2346 835 2408 per
865 2325 1115 2391 misericordiam
1148 2350 1240 2394 suam

284 2427 455 2489 nobiscum
472 2435 531 2503 est,
546 2445 604 2509 pro
622 2446 657 2490 se
677 2426 876 2510 patientibus
898 2437 930 2490 et
950 2429 1147 2513 proscriptis,
1163 2433 1241 2515 quia

284 2529 315 2591 el
346 2528 380 2590 in
408 2546 506 2592 causa
530 2528 591 2590 ista
617 2549 659 2591 ex
685 2528 884 2591 conscientia
906 2540 1015 2593 nostra
1040 2529 1239 2596 decrevimus

282 2629 428 2693 famulari
453 2648 556 2714 usque
582 2629 625 2692 ad
652 2641 797 2704 mortem,
826 2631 935 2712 plnres
955 2626 1124 2694 nobiscum
1152 2644 1237 2713 sunt,

284 2753 381 2817 quam
398 2753 470 2798 cum
486 2731 561 2807 illis,
578 2744 762 2815 certumque
778 2744 828 2795 est
841 2731 958 2795 amodo
973 2730 1060 2816 quod
1075 2733 1238 2819 episcopis

281 2834 428 2897 imminet
462 2835 553 2897 labor
587 2845 620 2897 et
656 2834 757 2912 dolor,
794 2834 857 2897 uisi
895 2834 1062 2898 salubriori
1098 2836 1235 2900 consilio

281 2936 540 3018 acquiescentes,
563 2956 677 3019 pacem
705 2934 864 3012 ecclesias,
886 2955 982 3019 quam
1008 2956 1073 2997 non
1095 2934 1235 3020 proden-

280 3036 366 3113 dam,
381 3035 439 3099 sed
463 3035 706 3099 custodiendam
724 3050 947 3120 suscepemnt‚
968 3036 1061 3100 citius
1083 3036 1233 3102 studeant

277 3138 459 3202 reformare.
505 3138 579 3201 Rex
595 3138 628 3200 in
644 3138 836 3222 imperatore
853 3137 999 3212 conlidit,
1015 3150 1046 3201 et
1061 3139 1094 3200 in
1109 3140 1232 3224 captio·

279 3258 321 3301 ne
337 3236 459 3301 domini
475 3258 579 3321 papea,
595 3258 689 3323 quam
702 3239 729 3303 ei
744 3240 955 3303 vaticinantur
965 3239 1130 3323 prophetae
1143 3239 1233 3320 Bari,

279 3340 360 3404 salsa
384 3338 527 3403 sidentes
550 3350 582 3404 et
607 3342 715 3419 stulta,
740 3341 818 3425 qnia
839 3362 904 3403 non
926 3342 1100 3425 loquuntur
1121 3363 1142 3406 a
1163 3344 1233 3408 Do·

278 3444 384 3505 mino:
416 3441 473 3505 sed
496 3441 541 3505 ita
563 3442 675 3506 Achab
700 3443 870 3526 deceptum
893 3463 964 3507 esse
986 3443 1180 3524 memineris,
1199 3457 1232 3510 et

278 3542 355 3607 dnm
384 3554 526 3627 speraret
555 3544 730 3622 victoriam,
753 3544 892 3606 hostium
917 3544 1033 3626 gladiis
1062 3548 1230 3615 corruisse,

277 3644 415 3727 Sapiens
424 3644 552 3707 interim
566 3644 675 3708 audiat
690 3666 710 3709 a
724 3646 862 3723 Catone,

420 3750 453 3803 In
464 3756 548 3803 morte
559 3749 664 3803 alterius
675 3767 749 3823 spem
760 3758 789 3804 tn
802 3751 850 3803 tibi
861 3765 957 3822 ponere
967 3750 1030 3817 noli,

275 3848 455 3933 prasertim
480 3848 660 3911 innocentis
679 3858 712 3910 et
732 3848 876 3925 Domini,
892 3847 985 3930 cujus
1011 3848 1093 3912 diem
1116 3870 1229 3933 prere·

275 3952 355 4029 nire,
365 3953 414 4014 vel
424 3931 509 4028 ¹roto,
518 3946 928 4031 parricidiiinstarestsed,
937 3950 1079 4013 Domino
1089 3963 1228 4033 auctore,

277 4051 428 4116 dominus
452 4072 537 4135 papa
558 4062 771 4133 prosperatur,
793 4063 827 4114 et
848 4063 945 4134 capto
968 4071 1069 4133 nuper
1090 4054 1228 4134 Albano,

275 4154 360 4217 sicut
385 4152 560 4216 certissime
586 4163 721 4229 constat,
741 4151 864 4216 dilatati
894 4162 969 4215 sunt
995 4171 1122 4234 gressus
1146 4156 1224 4240 ejus.

277 4256 383 4328 Quum
400 4273 418 4316 e
436 4264 546 4317 contra
563 4252 733 4315 Teutonici
749 4252 877 4335 tyranni
900 4264 933 4315 et
946 4252 1163 4315 haeresiarcha
1178 4254 1228 4316 sui

277 4354 343 4418 vias
358 4353 461 4437 sepiat
477 4353 567 4414 Deus
583 4350 724 4434 quotidie
745 4353 858 4433 spinis,
873 4362 905 4413 et
925 4350 1013 4433 quod
1028 4346 1225 4415 dissimulare
