3034 5500
281 743 476 825 tiss-ot]
666 764 845 809 suissuis.

370 1050 598 1115 EPISTOLA
620 1051 820 1116 xcii-an
835 1071 1015 1116 nonscnos
1032 1073 1074 1117 un
1092 1070 1122 1117 u.

610 1193 783 1257 Mauortis
797 1195 835 1258 de
850 1194 896 1258 N.

317 1329 451 1392 Ounsra
467 1325 603 1390 animam
625 1326 840 1412 potestatibus
859 1328 1075 1415 superioribus
1097 1331 1230 1417 subjicit

277 1428 417 1514 Spiritus
431 1427 531 1492 sancti
548 1450 604 1511 per
618 1430 797 1513 apostolum
811 1454 903 1495 suum
916 1431 1028 1495 emissa
1043 1433 1228 1518 praeceptio,

275 1529 326 1593 cui
349 1528 496 1614 quisquis
517 1530 647 1604 resistit,
670 1530 787 1594 divinae
807 1531 1008 1618 dispositioni
1030 1532 1229 1596 convincitur

275 1631 444 1698 contraire.
498 1631 609 1696 Virtus
638 1631 663 1696 si
694 1633 825 1718 quidem
856 1631 1045 1698 obedientias
1074 1646 1134 1710 est,
1164 1656 1229 1718 qua

274 1732 392 1797 divinis
406 1733 555 1809 humana,
572 1745 696 1798 terrena
710 1732 893 1800 coelestibus
907 1732 1079 1800 sociantur.
1125 1736 1230 1820 Cujus

275 1847 519 1919 contemptores,
542 1848 698 1921 quantum
722 1837 755 1900 in
783 1859 816 1901 se
839 1849 898 1916 est,
918 1836 1067 1900 scindunt
1091 1835 1230 1900 ecclesiae

275 1935 444 2010 unitatem,
457 1949 487 2000 et
504 1935 693 2021 dirumpunt
709 1956 894 2023 compagem
910 1936 1053 2023 spiritus,
1068 1958 1144 2023 quae
1158 1959 1231 2000 eon·

276 2036 358 2102 sistit
376 2037 409 2100 in
426 2036 553 2101 vinculo
574 2036 670 2123 pacis.
718 2039 816 2102 Unde
837 2037 878 2101 de
894 2051 999 2103 vestra
1019 2038 1230 2116 fraternitate,

276 2159 351 2224 quae
366 2160 424 2224 per
439 2136 684 2200 misericordiam
702 2139 775 2216 Dei,
788 2139 932 2203 arctioris
945 2140 1020 2203 vitae
1030 2140 1171 2226 professa
1182 2153 1230 2204 est

276 2242 431 2324 regulam,
443 2252 475 2303 et
492 2237 746 2305 eminentissimae
761 2239 922 2324 religionis
938 2254 1081 2304 assecuta
1096 2256 1143 2305 est
1158 2263 1231 2325 grs-

276 2340 374 2420 dum;
401 2342 478 2407 satis
491 2340 642 2404 admirari
659 2363 723 2404 non
737 2364 915 2427 possumus,
931 2341 1020 2429 quod
1040 2340 1227 2406 mandatum

276 2441 396 2506 domini
407 2455 538 2528 papaeet
549 2442 1097 2530 nostrumhactenuscontempsistis.
1120 2445 1228 2520 Quum

276 2544 360 2608 enirn
378 2565 437 2606 vos
451 2564 490 2607 ex
507 2541 658 2607 mandato
678 2542 852 2628 apostolico
872 2545 1000 2630 saepius,
1016 2558 1053 2608 ut
1073 2543 1229 2626 oportuit,

276 2660 307 2710 et
333 2644 418 2710 torte
440 2644 557 2729 saepius
581 2667 677 2731 quam
702 2644 880 2730 oportuerit
905 2658 1039 2731 paterna
1062 2646 1230 2729 diligentia

277 2744 588 2826 commonuissemus,
600 2757 758 2830 quatenus
771 2743 908 2808 decimas
919 2743 1077 2807 Roii'ensis
1091 2743 1230 2807 ecclesiae

275 2846 383 2913 Paridi
415 2846 638 2911 archidiacono
664 2858 701 2909 ut
726 2844 857 2929 justitia
883 2843 983 2928 exigit
1009 2845 1230 2920 restitueretis,

275 2952 401 3015 iteratis
416 2951 586 3035 praeceptis
601 2970 662 3011 non
682 2947 778 3011 modo
798 2969 860 3010 non
881 2946 1085 3032 profecimus,
1101 2945 1155 3009 sed
1173 2968 1231 3012 nec

276 3051 494 3139 subjectionis,
509 3064 564 3116 aut
579 3049 715 3136 alicujus
737 3047 928 3113 humilitatis
944 3047 1031 3111 verbi
1054 3060 1110 3111 aut
1125 3048 1231 3133 operis

276 3154 469 3233 testimonio,
484 3151 575 3218 nobis
589 3173 765 3238 apparuere
779 3151 921 3237 vestigia.
956 3149 1039 3228 Quia
1053 3172 1140 3233 ergo,
1154 3150 1229 3216 licet

276 3269 419 3321 nostram
440 3253 663 3341 aequanimitor
684 3252 845 3317 interdum
870 3264 996 3338 portare
1010 3252 1167 3337 possimus
1181 3252 1230 3315 in·

271 3357 405 3444 juriam,
431 3370 649 3443 contemptum
675 3354 794 3419 domini
825 3378 918 3440 papoe
943 3353 1140 3419 dissimulare
1166 3377 1229 3419 non

276 3481 458 3546 possumus,
483 3480 541 3524 nec
565 3457 729 3534 debemus,
752 3457 842 3521 vobis
862 3455 1075 3542 praecipiendo
1100 3456 1231 3524 manda·

276 3585 360 3639 mus,
376 3574 414 3626 ut
429 3560 516 3624 omni
532 3562 694 3623 occasione
715 3571 746 3623 et
767 3557 919 3622 dilatione
936 3570 1067 3638 remota,
1081 3558 1233 3643 praefatas

278 3663 417 3727 decimas
450 3674 625 3726 memorato
661 3659 882 3724 archidiacono
914 3660 1010 3746 juxta
1046 3658 1229 3724 mandatum

276 3765 487 3852 apostolicum
512 3762 698 3841 restituatis,
720 3786 738 3826 a
759 3762 887 3841 divinis,
912 3762 1082 3825 seeundum
1111 3774 1233 3827 statuta

278 3881 420 3954 patrum,
437 3866 642 3944 abstinentes,
661 3862 761 3928 donec
781 3862 900 3926 domini
920 3884 1012 3947 papae
1034 3863 1232 3942 mandatum,

277 3985 308 4035 et
335 3984 480 4035 nostrum
509 3967 735 4054 impleveritis:
773 3964 935 4028 ecclesiam
963 3986 1093 4050 quoque
1122 3964 1231 4028 nullus

277 4086 420 4135 vestrum
434 4082 607 4156 praesumat
622 4066 758 4153 ingredi,
768 4066 844 4131 dum
855 4064 985 4128 crimine
997 4064 1231 4143 inobedientiae,

277 4171 378 4237 scelus
395 4170 550 4237 ariolandi
566 4184 597 4235 et
614 4168 802 4233 idololatrias
817 4165 1016 4253 perpetretis.
