3034 5500
281 748 341 808 166
533 762 669 806 roanrns
684 760 967 807 ssnrrsaerusnsrs
1145 745 1235 821 [cn.

278 913 426 1000 precibus
440 913 572 978 domino
594 911 792 979 Cancellario
811 912 899 998 regis
920 912 1158 990 commisimus,
1172 938 1237 1000 ego,

277 1029 309 1080 et
336 1016 552 1081 thesaurarius
579 1014 803 1091 Eboracensis,
825 1035 930 1102 nuper
958 1035 1075 1079 sanum
1103 1017 1136 1080 in
1160 1017 1236 1083 bono

279 1132 365 1183 statu
379 1118 532 1195 vidimus,
547 1118 621 1183 licet
637 1117 678 1181 ab
693 1117 916 1184 exactionibus
930 1119 1020 1203 regis
1035 1140 1101 1184 non
1115 1121 1234 1184 omnino

281 1223 380 1307 possit
395 1243 462 1285 esse
478 1220 637 1285 immunis.

326 1392 562 1457 EPISTOLA
586 1391 815 1456 exva-ro
828 1382 1064 1456 insunuans
1080 1412 1199 1457 earu.

529 1510 666 1573 Domino
682 1509 782 1591 Papae
799 1509 996 1574 Aleaandro.

330 1627 451 1706 Clusi,
466 1649 540 1713 quoe
554 1629 692 1691 vertitur
706 1626 790 1689 inter
806 1626 951 1690 Suanum
965 1639 999 1691 et
1012 1624 1240 1702 lederrinnm

285 1728 473 1802 sacerdotes,
494 1750 590 1814 super
613 1725 743 1792 ecclesia
764 1725 805 1789 de
829 1726 1002 1794 Chiltedic.
1024 1728 1068 1792 ab
1089 1725 1241 1792 auditorio

286 1828 473 1896 venerabilis
485 1830 591 1894 fratris
604 1829 702 1894 nostri
709 1827 840 1894 Ricardi
849 1827 1085 1895 Londoniensis
1094 1829 1241 1915 episcopi,

285 1931 506 2018 appellationis
517 1931 640 1995 anxilio
651 1930 692 1995 ad
705 1944 844 1995 nostram
861 1942 964 1994 tracta
979 1944 1029 1996 est
1042 1930 1241 1999 audientiam.

288 2035 417 2120 Agebat
439 2035 549 2120 itaque
572 2047 766 2098 memoratus
788 2034 917 2097 Suanus
933 2047 971 2097 ut
989 2035 1060 2120 jam
1081 2032 1169 2098 dicta
1188 2032 1242 2109 sibi

287 2135 509 2201 restitueretur
524 2135 664 2215 ecclesia,
679 2159 745 2220 qua
768 2159 801 2200 se
823 2135 1021 2222 querebatur
1043 2159 1112 2201 esse
1131 2136 1242 2223 injuste

287 2248 319 2301 et
344 2238 411 2300 sine
436 2236 560 2321 judicio
590 2237 794 2315 destitutum,
818 2238 875 2324 qui
905 2237 1058 2307 vicarium
1090 2263 1184 2304 suum
1210 2255 1242 2303 ut

287 2338 413 2404 dicebat
434 2342 587 2404 violenter
602 2339 783 2424 expulerat.
828 2340 1032 2406 Beldewinus
1046 2341 1089 2406 ad
1111 2341 1180 2407 haec
1199 2342 1243 2406 di·

288 2442 401 2505 latoria
427 2440 612 2526 exceptione
639 2441 799 2528 opposita,
820 2466 853 2506 se
879 2463 976 2528 super
997 2458 1177 2509 memorata
1199 2467 1243 2507 ec·

288 2544 384 2610 clesia
413 2544 453 2608 de
477 2545 553 2630 jure
583 2545 743 2608 conveniri
775 2569 839 2611 non
872 2567 964 2628 posse
1001 2545 1143 2622 dicebat,
1172 2547 1245 2612 citn

291 2644 521 2712 restitutionem
539 2644 696 2708 bonorum
711 2645 854 2731 ejusdem
870 2644 1024 2725 ecclesiae,
1038 2670 1116 2733 qum
1137 2647 1196 2712 sibi
1218 2647 1244 2710 ri

290 2765 322 2814 et
337 2747 450 2814 fraude
465 2746 591 2835 proefati
604 2748 702 2812 Suani
714 2747 841 2815 dicebat
847 2747 977 2813 ablata:
1001 2763 1137 2833 paratus
1148 2764 1244 2815 tameo

291 2851 330 2915 de
343 2850 510 2938 principali
522 2850 649 2934 negotio
661 2851 888 2937 responderesi
901 2852 1030 2916 Suanus
1039 2852 1244 2919 innocentiam

292 2977 382 3020 suam
399 2955 505 3019 delato
525 2954 585 3018 sibi
603 2955 788 3038 juramento
810 2967 976 3040 purgaret.
1022 2958 1154 3022 Suanns
1176 2976 1245 3019 sero

293 3077 350 3119 nec
376 3057 483 3120 subire
510 3056 611 3121 voluit
631 3056 807 3141 juramenti
833 3056 1017 3138 discrimen,
1039 3080 1099 3121 nec
1125 3056 1245 3132 referre,

293 3179 433 3222 asserens
463 3157 588 3242 judicio
617 3156 742 3223 domini
772 3158 1006 3224 Londoniensis
1043 3160 1246 3226 intentionem

293 3280 382 3323 suam
405 3281 468 3322 non
492 3283 582 3345 posse
604 3260 739 3345 alicujus
765 3262 961 3347 exceptionis
981 3262 1155 3328 obstaculo
1176 3261 1246 3327 sub·

293 3361 431 3423 moveri:
456 3361 543 3447 quod
559 3386 661 3449 quum
677 3387 751 3450 pars
766 3364 921 3430 fateretur
935 3364 1084 3442 adversa,
1096 3364 1203 3431 dicens
1216 3388 1246 3428 se

293 3460 365 3523 ideo
379 3461 565 3547 appellasse,
581 3464 658 3548 quia
682 3486 746 3527 uns
767 3463 819 3527 die
840 3464 881 3529 ab
902 3463 1013 3528 eodem
1036 3466 1245 3531 londoniensi

293 3585 366 3627 curn
382 3563 443 3627 isto
459 3563 520 3629 alie
534 3564 601 3628 dno
616 3588 765 3652 perversa
779 3565 903 3653 judicis
917 3572 1110 3652 reportavit,
1126 3571 1246 3635 Suanus

294 3666 335 3732 ad
350 3667 549 3754 praesentiam
565 3666 738 3754 appellarit
763 3682 910 3747 vestram,
925 3671 1102 3758 praefigens
1117 3672 1249 3736 Oetarss

294 3770 520 3857 apostolorum,
533 3793 633 3857 quum
649 3784 753 3835 tamen
772 3772 901 3858 utrique
912 3773 1016 3859 parati
1032 3797 1174 3839 essemus
1186 3796 1247 3837 orn·

297 3895 368 3937 nem
378 3873 537 3960 justitiam
554 3872 715 3938 exhibere.

328 4046 556 4111 EPISTOLA
580 4046 837 4111 CXVIII.-sn
851 4067 1086 4113 sruxrnnanrr
1106 4068 1221 4114 raeiri.

540 4169 680 4231 Domino
695 4166 798 4249 Papae
813 4166 1004 4230 Alexandro.

342 4285 524 4347 Csrurarrs
550 4283 699 4347 fraternae
725 4285 901 4367 compassio
926 4306 985 4347 nos
1011 4284 1177 4360 admonet,
1198 4305 1246 4369 pro

299 4383 467 4448 venerabili
499 4385 596 4450 fratre
624 4398 731 4450 nostro
758 4381 923 4449 Willelmo
952 4386 1154 4451 Norwioensi
1176 4384 1247 4472 epis
