3034 5500
287 713 463 792 iles-s]
673 730 848 776 srrsronn.
1218 722 1237 777 7

281 880 336 965 qui
360 881 432 944 haec
455 879 562 944 omnia
584 878 797 955 inficiabatur,
824 878 1054 946 restitutionem
1082 881 1233 961 ecclesiae,

280 1005 378 1068 quam
393 981 571 1068 praedictus
588 981 751 1046 Ernaldus
770 983 909 1067 petebat,
924 987 1124 1060 extorsimus,
1140 982 1233 1048 dum·

281 1085 376 1147 modo
387 1106 493 1147 comes
504 1095 537 1148 et
552 1097 629 1147 suus¹
645 1086 683 1148 Ο.
696 1081 778 1148 citra
787 1083 1004 1149 frustratorias
1013 1083 1191 1162 dilationes,
1203 1097 1236 1150 et

280 1184 415 1249 aliarum
431 1183 656 1250 difficultatum
677 1184 847 1262 molestias,
863 1185 903 1250 ad
923 1184 1133 1272 questionem
1149 1190 1234 1272 juris

281 1286 534 1351 admitterentur.
581 1288 686 1365 Quum
708 1307 784 1369 ergo
806 1289 952 1373 partibus
972 1310 1068 1372 super
1085 1288 1145 1351 hoc
1165 1287 1234 1352 dies

280 1386 1233 1475 essetproefixa,eadiejamdictusO.etprocuratorescomitis

279 1490 435 1554 adversm
456 1489 723 1576 praenominatum
747 1488 787 1554 E.
803 1490 989 1576 petitorium
1011 1491 1231 1564 instituerunt,

277 1593 420 1656 dicentes
434 1591 540 1678 ipsum
556 1592 674 1679 injuste
689 1612 847 1677 occupare
862 1591 1037 1671 ecclesiam,
1052 1613 1150 1676 quam
1165 1591 1233 1656 sine

277 1715 407 1757 assensu
434 1693 570 1771 comitis,
597 1706 629 1757 et
656 1692 886 1757 advocatorum
914 1691 1056 1778 ejusdem
1082 1691 1232 1771 ecclesiae,
1306 1704 1308 1707 ’

277 1813 378 1881 quam
393 1807 505 1860 contra
526 1794 792 1860 consuetudinem
813 1795 914 1858 totius
936 1794 1076 1859 ecclesiae
1096 1806 1128 1857 et
1143 1794 1231 1878 regni

280 1895 478 1982 Anglumm,
493 1909 602 1961 contra
624 1896 882 1961 constitutionem
906 1896 990 1981 regis
1012 1908 1044 1959 et
1067 1895 1232 1981 antiquam

277 1999 424 2061 omnium
446 2019 611 2083 procerum
639 1998 830 2084 dignitatem
855 2000 1015 2082 ingressus
1041 2009 1108 2061 erat
1134 2018 1230 2060 manu

276 2113 310 2164 et
341 2099 493 2163 violentia
522 2101 695 2187 praedonis,
725 2104 782 2186 qui
818 2101 952 2184 praefnto
988 2099 1096 2165 comiti
1127 2112 1231 2163 totum

277 2201 428 2277 fundum,
459 2208 492 2266 in
523 2224 590 2288 quo
620 2223 704 2288 saepe
734 2201 819 2265 dicta
848 2200 978 2266 ecclesia
1008 2201 1068 2266 sita
1093 2212 1152 2281 est,
1174 2199 1231 2263 diu

277 2302 467 2367 abstulerat.
521 2304 752 2368 Proferebatur
776 2303 905 2388 insuper
930 2302 1115 2367 mandatum
1136 2301 1230 2387 regns,

276 2427 345 2490 quo
360 2404 624 2491 praecipiebamur
638 2405 747 2470 comiti
764 2427 860 2491 super
874 2404 1079 2468 advocatione
1094 2403 1232 2467 ecclesias

278 2528 346 2569 suae
356 2504 518 2591 justitiam
535 2507 697 2583 exhibere,
712 2520 770 2572 aut
786 2510 824 2572 Ο.
841 2518 1050 2593 praetaxatam
1069 2505 1231 2570 ecclesiam

278 2609 459 2683 restituere,
487 2631 552 2695 qua
582 2620 654 2692 post
684 2608 847 2672 decessum
878 2609 962 2694 regis
991 2622 1102 2672 contra
1131 2606 1231 2692 ipsius

276 2707 419 2774 edictum
450 2709 556 2774 fuerat
585 2710 775 2775 destitutus.
822 2711 874 2775 Ad
908 2711 976 2775 haec
1006 2709 1169 2775 Ernaldus
1199 2730 1232 2771 se

272 2812 361 2896 juste
376 2833 434 2896 per
450 2812 634 2899 episcopum
650 2834 781 2876 assensu
798 2812 943 2876 advocati
956 2812 1118 2875 ecclesiam
1133 2810 1233 2895 possi-

278 2912 355 2975 dere
375 2912 512 2979 dicebat.
559 2914 622 2977 Sed
645 2913 824 2976 advocatus
839 2912 893 2975 ille
916 2926 948 2975 et
968 2911 1020 2974 alii
1042 2912 1134 2974 amici
1149 2912 1231 2995 ejus,

279 3027 449 3099 potentatu
464 3032 497 3080 et
511 3018 634 3102 injuriis
649 3015 785 3095 comitis,
802 3027 838 3078 ut
852 3014 1022 3089 asserebat,
1038 3013 1120 3077 adeo
1136 3025 1234 3075 terre·

280 3115 409 3196 bantur,
429 3117 517 3201 quod
539 3117 647 3181 nullus
667 3139 778 3181 eorum
798 3115 830 3180 in
852 3117 912 3180 hoc
933 3116 1058 3203 judicio
1081 3126 1114 3178 et
1135 3136 1234 3200 regno

278 3230 389 3281 eontra
397 3217 503 3304 ipsum
513 3238 667 3305 apparere
678 3217 1009 3303 audebat,praesertim
1020 3239 1121 3303 quum
1130 3238 1235 3280 comes

280 3330 311 3381 et
325 3340 404 3382 suus
419 3320 459 3383 Ο.
471 3341 533 3383 non
546 3319 642 3383 modo
657 3341 725 3397 sua,
739 3318 793 3384 sed
809 3331 841 3385 et
853 3343 886 3383 se
897 3319 993 3405 regiae
1005 3317 1234 3403 magnitudinis

280 3419 422 3504 pondere
438 3423 470 3484 in
481 3420 607 3505 judicio
622 3434 806 3486 tutarentur
820 3433 930 3486 contra
941 3443 1125 3507 pauperem,
1135 3441 1232 3507 quem

279 3521 320 3584 ab
345 3521 477 3586 ecclesia
503 3545 561 3586 sua
587 3523 697 3587 multis
721 3524 813 3588 annis
838 3524 1048 3590 excluserant.
1094 3527 1167 3588 Hac
1191 3522 1232 3587 de

278 3644 373 3687 cauea
396 3623 437 3687 ad
461 3637 599 3688 vestram
630 3625 805 3711 appellavit
832 3626 1038 3703 audientiam,
1065 3625 1233 3713 praefigens

278 3724 360 3789 diem
377 3748 445 3812 qua
465 3740 624 3802 cantatur,
643 3729 693 3792 Ad
714 3738 745 3792 te
761 3731 869 3794 levavi.
915 3728 1068 3793 Osbertus
1083 3749 1158 3792 vero
1172 3727 1234 3791 sibi

279 3848 406 3893 causam
430 3832 482 3893 vel
499 3827 660 3893 ecclesiam
684 3830 765 3893 tanti
786 3853 848 3895 non
868 3853 936 3895 esse
950 3829 1153 3916 respondens,
1167 3826 1234 3892 litis

277 3930 366 3994 cessit
383 3929 599 4017 appellationi.
