3034 5500
148 767 258 846 llud]
533 785 711 829 nerstein.
1040 768 1099 827 311

141 939 200 1021 qui
216 939 247 1001 ci
262 937 478 1014 consentiunt,
495 935 679 1000 exeundum
695 945 744 999 cst
759 936 807 999 cis
822 935 862 999 dc
877 935 956 998 orbe
971 934 1098 1010 Latino,

145 1060 186 1102 ne
203 1038 331 1122 quoties
347 1038 417 1101 haec
434 1037 686 1119 praedicaverint,

287 1145 385 1206 Quaere
395 1146 562 1216 peregrinum
573 1145 667 1197 vicinia
678 1161 756 1197 rauca
767 1142 901 1210 reclamet,

144 1252 181 1304 et
215 1263 257 1304 ne
279 1251 403 1305 tantum
424 1242 578 1304 adversus
609 1241 781 1304 ecclesiam
804 1262 863 1324 pro
895 1237 1099 1304 consuctudi-

144 1344 254 1418 nibus,
271 1343 335 1405 imo
350 1342 572 1426 pravitatibus,
587 1343 679 1407 avitis
697 1344 917 1407 testimonium
942 1342 1031 1405 daret
1049 1363 1098 1405 sa·

145 1446 241 1529 piens
260 1444 317 1507 ille
341 1446 469 1508 tabellio
485 1457 517 1508 et
530 1445 699 1518 facundus,
717 1446 812 1507 etiam
826 1444 977 1507 adversus
995 1464 1097 1525 popu·

143 1549 211 1609 lum
223 1546 421 1625 testificator,
431 1547 563 1610 inseruit
573 1548 691 1629 scripto
702 1557 820 1609 vestro:
842 1547 917 1608 Rex
926 1567 946 1608 a
959 1546 1100 1608 Domino

145 1649 339 1713 constitutus
364 1651 436 1732 paci
459 1671 517 1732 per
537 1650 646 1711 omnia
660 1649 808 1732 providet
822 1648 1048 1731 subjectorum,
1068 1658 1100 1708 et

145 1760 182 1812 ut
222 1750 307 1812 hanc
349 1762 527 1825 conseruet,
565 1750 710 1814 ecclesiis
754 1760 788 1812 et
825 1748 1005 1813 commissis
1040 1747 1102 1810 sihi

146 1850 287 1932 populis,
301 1847 479 1929 dignitates
501 1849 630 1929 regibus
652 1860 782 1911 antaee
805 1847 933 1910 debitas
956 1858 989 1910 et
1010 1847 1102 1909 exhi·

147 1952 231 2014 bites
247 1951 310 2013 sibi
326 1951 393 2011 vult
408 1958 441 2011 et
459 1946 561 2030 exigit
575 1950 731 2012 exhiberi.
776 1949 863 2022 Quid
885 1950 954 2012 haec
969 1948 1102 2011 audiena

146 2050 300 2114 Ecclesia
316 2045 505 2111 Gallicana?
521 2049 580 2126 lta,
590 2049 705 2132 inquit,
722 2049 883 2112 Dominus
899 2061 932 2111 et
946 2046 1104 2127 evangelii

150 2153 247 2214 verba
262 2151 312 2234 adj
318 2161 414 2213 urent
428 2172 485 2213 eos
499 2172 518 2213 a
534 2151 652 2235 quibus
662 2163 693 2214 et
708 2173 766 2234 pro
778 2151 894 2234 quibus
905 2151 975 2214 haec
987 2151 1105 2233 scripta

149 2266 235 2317 sunt.
251 2252 403 2314 Providet
415 2252 545 2315 sortasse
567 2273 682 2336 pacem
704 2254 864 2332 omnibus,
885 2252 942 2316 sed
965 2253 1105 2335 alonge,

147 2355 227 2438 quie
248 2354 487 2437 praesentialiter
507 2355 615 2418 omnia
638 2357 752 2419 turbat.
799 2356 925 2418 Dicunt
946 2354 1103 2438 episcopi,

148 2467 205 2518 aut
234 2455 377 2533 forsitan,
400 2465 435 2517 ut
457 2456 559 2518 verius
589 2456 723 2534 dicatur,
745 2457 928 2540 episcopus,
950 2457 1101 2540 quoniam

149 2578 216 2639 pax
239 2568 298 2633 est,
318 2566 351 2620 et
372 2577 485 2619 omues
507 2579 525 2620 e
547 2568 660 2621 contra
681 2559 831 2630 clamant,
847 2546 924 2639 quia
945 2578 1012 2639 pax
1036 2577 1103 2619 non

151 2668 213 2733 est,
223 2655 279 2718 sed
294 2656 472 2718 amaritudo
487 2657 629 2718 omnium
646 2657 852 2720 amarissima.

194 2761 231 2824 Si
246 2781 320 2823 vero
337 2760 465 2823 nonnisi
484 2757 607 2823 debitas
630 2762 733 2842 exigit
746 2760 1004 2835 consuetudines,
1021 2762 1105 2824 sicut

148 2874 252 2926 vester
280 2861 516 2923 Demosthenes
544 2863 667 2937 asserit,
690 2862 754 2925 illis
780 2863 926 2946 profecto
950 2861 1103 2925 debuerat

150 2984 222 3028 esse
237 2972 416 3037 contentus,
432 2983 504 3044 quae
519 2982 584 3023 non
600 2975 673 3025 sunt
688 2961 805 3025 divinis
815 2962 941 3043 legibus
955 2961 1105 3041 inimicae,

154 3084 228 3148 quae
243 3058 338 3126 bonis
346 3061 489 3123 moribus
502 3081 567 3123 non
578 3061 794 3138 adversantur,
805 3082 878 3144 quae
890 3060 1105 3124 sacerdotium

151 3186 217 3228 non
239 3162 462 3239 dehonestant,
484 3182 556 3244 quoe
580 3162 758 3245 periculum
781 3181 847 3225 non
867 3163 1015 3243 ingerunt
1034 3161 1104 3225 ani·

153 3284 374 3345 mettimque
391 3262 498 3325 matris
511 3262 683 3343 Ecclesia,
694 3263 735 3326 de
751 3263 844 3348 cujus
854 3284 952 3327 manu
962 3262 1105 3348 suscepit

150 3366 303 3449 gladium,
320 3363 361 3427 ad
375 3364 478 3447 ipsam
494 3364 657 3436 tuendam,
669 3376 702 3427 ct
715 3362 847 3447 injurias
859 3365 1104 3449 propulsandas,

153 3489 220 3531 non
245 3468 404 3529 subruunt
425 3466 616 3543 libertatem,
639 3464 695 3529 sed
717 3466 750 3528 in
774 3466 854 3530 rotis
875 3467 976 3551 ipsius
998 3468 1107 3532 omnia

153 3567 312 3633 contraria
328 3577 412 3643 sunt,
421 3566 505 3630 sicut
513 3567 676 3651 Scriptura
690 3565 769 3651 ejus,
782 3579 964 3632 sanctorum
979 3582 1104 3653 patrum

152 3670 353 3745 auctoritate,
367 3677 401 3731 et
420 3670 537 3732 summi
551 3670 714 3752 pontilicis
729 3690 783 3734 ore
799 3670 950 3734 damnata
964 3681 1107 3747 testatur,

153 3783 188 3835 et
209 3769 404 3853 quotidianae
423 3769 560 3852 querelae
581 3770 657 3834 cleri
677 3782 709 3833 et
730 3772 862 3854 populi:
889 3781 922 3833 et
943 3771 1040 3832 timeo
1063 3788 1104 3831 ne

151 3868 324 3952 pontifices
338 3867 402 3950 ipsi
416 3880 528 3932 contra
542 3871 662 3951 scripta
686 3891 744 3933 sua
767 3872 872 3933 venire
892 3879 1057 3950 cogantur,
1071 3880 1104 3932 et

152 3969 369 4053 depraedicare
395 3969 483 4053 quod
505 3971 695 4054 praedicant,
718 3982 750 4033 et
776 3992 871 4055 quam
895 3971 990 4034 modo
1013 3969 1103 4035 dam·

151 4081 242 4146 nant,
266 4070 447 4154 justificare
474 4092 615 4149 causam,
639 4081 671 4135 et
697 4093 794 4156 quam
817 4073 1001 4156 justificant
1026 4094 1104 4137 con-

152 4172 315 4235 demnare.
381 4171 514 4253 Signata
541 4185 589 4237 est
617 4173 780 4237 attestatio
815 4194 925 4237 eorum
962 4174 1105 4236 omnium
1183 4223 1186 4234 .

151 4272 285 4356 quidem
307 4283 468 4355 concepta
488 4276 628 4352 nomine,
647 4275 705 4339 sed
727 4276 820 4337 trium
843 4275 1000 4338 duntaxat
1021 4272 1103 4353 epis-

151 4395 308 4456 coporum
341 4376 489 4439 roborata
526 4375 649 4457 sigillis,
678 4375 922 4455 archisynagogi
955 4370 1106 4434 videlicet
