3034 5500
273 761 337 817 aaa
536 763 671 825 roauurs
687 762 966 808 mnesaaurnusrs
1131 751 1216 825 [aa.

317 923 399 986 Haec
416 921 487 996 tibi,
501 919 627 993 dilecte,
643 936 708 978 non
729 927 795 977 tam
811 914 852 977 de
868 916 975 979 serbis
990 919 1119 996 nostris,
1132 941 1217 1002 quarn

273 1024 313 1087 de
327 1021 426 1085 sacris
436 1017 600 1103 seripturis
612 1026 760 1078 constare
776 1011 906 1091 debent,
917 1015 944 1077 si
955 1015 991 1077 in
1003 1037 1044 1079 eo
1055 1019 1218 1102 perstiteris

273 1121 359 1209 quod
387 1119 533 1204 coepisti..
573 1116 651 1180 Sola
678 1115 765 1178 enim
797 1118 1038 1198 perseverentia
1066 1130 1127 1196 est,
1155 1141 1218 1204 qua

272 1225 420 1287 virtutum
439 1217 582 1283 omnium
604 1216 814 1300 consequitur
833 1217 984 1280 fructum.
1034 1219 1106 1283 Nec
1121 1218 1219 1296 diu‚si

272 1335 358 1389 recte
382 1323 488 1386 futura
510 1318 661 1395 metiaris,
685 1318 718 1379 in
746 1318 857 1381 labore
880 1318 945 1380 isto
971 1318 1155 1383 sudandum
1179 1332 1222 1383 est

271 1426 343 1503 tibi,
359 1425 436 1508 quia
450 1422 553 1486 oculis
567 1420 631 1483 tuis
650 1420 797 1481 laborum
811 1416 951 1500 gloriosa
967 1442 1092 1484 merces
1106 1422 1222 1505 impen-

274 1526 340 1604 det,
365 1537 397 1588 et
421 1533 636 1587 remunerator
662 1530 734 1582 tuus
760 1530 842 1583 astat
866 1519 899 1582 iu
918 1518 1044 1602 januis.
1089 1523 1151 1585 Pro
1172 1523 1222 1584 illo

274 1627 384 1710 itaque
413 1624 439 1686 si
469 1643 541 1706 quae
578 1620 731 1682 molestia
770 1618 893 1680 irruunt
924 1641 967 1682 ex
1001 1620 1062 1682 tibi
1092 1621 1222 1704 impacto

274 1729 424 1814 prioratu,
440 1734 472 1787 et
495 1722 535 1786 de
558 1720 773 1784 sollicitudine
796 1720 975 1783 animarum
998 1732 1031 1784 et
1051 1743 1223 1806 corporum,

274 1852 348 1914 qum
370 1826 509 1889 humeris
529 1824 605 1899 tuis,
628 1822 668 1886 nd
690 1834 813 1884 rantum
836 1843 929 1896 onae,
954 1835 991 1886 ut
1013 1824 1074 1886 tibi
1097 1824 1224 1901 videtur,

273 1928 436 1992 debilibus
458 1933 491 1988 et
511 1922 657 1999 infirmis,
670 1922 820 2005 imposita
841 1933 901 1995 est,
918 1924 1044 1986 sustine
1066 1924 1224 2007 patienter,

273 2029 377 2091 clama
397 2026 439 2089 ad
461 2027 578 2106 ipsum,
594 2023 746 2106 quoniam
769 2041 869 2102 prope
889 2031 949 2083 est.
996 2023 1043 2084 Et
1064 2024 1152 2106 quorl
1172 2025 1222 2087 tibi

271 2128 372 2190 visum
396 2127 487 2188 suerit
509 2124 724 2206 importabile,
747 2123 802 2204 pia
823 2121 1028 2186 confidentia
1050 2124 1174 2208 rejicias
1192 2126 1221 2187 iu

271 2229 420 2291 humeros
442 2224 522 2306 ejus,
545 2224 601 2305 qui
623 2244 716 2285 orem
739 2223 863 2285 revexit
884 2221 1059 2305 perditam,
1081 2237 1115 2286 et
1137 2226 1224 2287 tutius

271 2323 403 2388 humani
419 2322 542 2403 generis
558 2323 590 2383 in
607 2321 696 2402 ligno
712 2322 852 2405 portarit
869 2342 979 2397 onera,
994 2323 1133 2407 quando
1147 2325 1224 2407 prin·

271 2426 395 2509 cipatua
408 2423 510 2506 ipsius
532 2423 635 2485 sactus
653 2433 703 2485 est
721 2443 818 2504 super
835 2423 1002 2487 humerum
1025 2424 1106 2508 ejus.
1153 2427 1221 2509 lpse

271 2547 343 2591 vero
365 2536 399 2589 te
421 2524 612 2597 sublevabit,
635 2523 713 2607 quia
735 2522 841 2585 fidelis
862 2535 923 2600 est,
943 2536 976 2588 et
997 2546 1068 2589 non
1091 2526 1222 2609 patietur

269 2627 384 2692 tentari
406 2648 501 2710 supra
523 2625 557 2688 id
580 2625 667 2709 quod
687 2636 789 2707 potes,
811 2623 866 2686 sed
893 2625 990 2688 saciet
1013 2627 1219 2690 tentationem

272 2730 374 2814 ipsam
389 2739 476 2791 tuum
493 2747 563 2790 esse
578 2724 764 2810 profectum.

301 3005 519 3071 Eprsuoua
544 3003 785 3067 CLXXl.—an
801 3021 953 3069 ananau.
980 3005 1026 3085 [s.
1039 3026 1071 3071 n.
1090 3008 1198 3088 llud]

644 3135 734 3200 Idem
751 3138 881 3201 Eidem.

313 3254 452 3317 Causam
475 3251 567 3314 exilii
588 3251 650 3313 mei
671 3272 714 3313 ex
737 3251 890 3313 relatione
909 3252 1031 3318 Prioris
1050 3255 1091 3319 de
1112 3257 1222 3320 Monte

269 3354 344 3429 Dei,
359 3364 392 3415 et
411 3374 453 3415 ex
474 3372 547 3415 mea
561 3352 653 3414 robis
674 3365 785 3416 notam
799 3372 869 3415 esse
890 3355 1042 3418 arbitror:
1068 3370 1103 3420 ut
1118 3369 1219 3421 tamen

268 3455 360 3516 robis
384 3451 538 3537 liquidius
563 3462 702 3527 constet,
727 3473 798 3515 eam
830 3454 942 3535 paucis
967 3475 1110 3537 expono.
1155 3457 1218 3521 Do·

266 3553 355 3618 mino
378 3551 615 3626 cantuariensi,
629 3562 662 3614 et
678 3551 848 3627 Ecclesia,
867 3562 904 3613 ut
925 3554 1028 3635 potui,
1043 3556 1141 3634 astiti,
1163 3575 1218 3620 nec

266 3668 386 3727 tamen,
402 3650 490 3735 quod
504 3652 704 3715 conscientia
723 3663 804 3714 teste
825 3672 936 3715 secure
950 3652 1056 3717 audeo
1071 3656 1218 3740 profiteri,

266 3755 432 3820 domiuum
465 3774 572 3834 regem
608 3754 785 3834 Anglorum
820 3774 862 3816 ex
898 3754 1068 3838 proposito
1104 3758 1217 3841 injuste

265 3857 397 3920 offendi.
442 3856 518 3937 Ipse
540 3866 658 3930 autem,
678 3865 710 3917 et
732 3875 795 3932 ure,
815 3869 847 3918 et
870 3855 995 3918 fratrem
1019 3878 1127 3922 meum
1149 3881 1218 3944 pro·

265 3955 393 4036 scripsit
414 3954 509 4016 bonis
531 3953 656 4029 nostris,
680 3964 712 4016 et
734 3973 796 4034 ego
818 3954 954 4017 exilium
976 3958 1091 4039 patior.
1137 3957 1218 4023 Mihi

265 4073 339 4115 vero
353 4074 414 4117 nec
430 4074 521 4136 opes,
537 4074 596 4117 nec
612 4053 719 4131 amici,
733 4073 794 4117 nec
815 4076 902 4119 arma
916 4068 1003 4134 sunt,
1018 4059 1138 4142 quibus
1153 4070 1216 4124 tau·

264 4167 332 4219 tum
348 4156 524 4238 principem
541 4155 660 4217 valeam
679 4175 875 4238 expugnare,
892 4167 947 4219 aut
966 4177 1050 4241 quas
1065 4158 1107 4223 de
1122 4161 1214 4224 bene·

263 4255 383 4338 placito
406 4275 464 4318 suo
486 4252 564 4317 mihi
588 4266 620 4318 et
641 4255 719 4319 meis
742 4256 847 4334 infert,
867 4258 1055 4343 propulsare
1078 4260 1214 4345 injurias.

264 4355 361 4418 Unde
376 4352 417 4417 ad
432 4361 580 4430 restrum,
595 4365 627 4416 et
647 4354 779 4417 aliorum
803 4368 983 4420 sanctorum
1003 4360 1216 4440 patrocinium
