3034 5500
403 723 465 783 120
661 737 797 782 scaurus
813 735 1087 781 sanasnnmansrs
1266 722 1312 802 [s.
1329 741 1360 785 n.

405 909 468 974 que
483 886 601 971 aliquo,
618 887 644 949 si
660 886 727 949 lieri
742 898 862 972 potest,
876 885 1022 951 relevetis
1041 885 1167 951 solatio.
1213 891 1279 954 Pro
1292 888 1358 973 ipso

402 988 486 1052 enim
518 987 663 1073 spondeo
692 989 900 1063 confidenter,
932 990 1010 1074 quia
1038 988 1219 1054 claustrum
1258 1003 1358 1055 servat

401 1086 531 1169 invitus,
545 1103 577 1153 et
592 1090 674 1154 sicut
690 1089 757 1175 ipse
771 1090 849 1153 mibi
865 1089 1003 1173 scripsit,
1017 1089 1062 1153 sic
1084 1089 1204 1154 credit:
1230 1090 1280 1154 his
1300 1092 1353 1177 qui

403 1211 436 1252 se
464 1191 660 1256 obedientias
688 1204 889 1256 contemnere
923 1189 1113 1272 gloriantur,
1145 1190 1232 1256 sicut
1267 1191 1358 1278 lupus

404 1290 591 1378 adquiescit.

667 1553 889 1619 EPtSTOLA
914 1554 1099 1618 LXXXVI.

450 1687 558 1751 Rarto
573 1683 780 1750 humanitatis
794 1683 904 1768 exigit,
920 1695 955 1748 ut
972 1685 1117 1748 veritatis
1132 1696 1260 1749 amator
1275 1685 1357 1749 testi-

408 1789 548 1854 monium
578 1789 745 1875 perhibeat
775 1788 911 1861 veritati,
950 1784 1126 1871 pracsertim
1157 1786 1216 1851 ubi
1247 1787 1357 1852 veritas

406 1890 614 1976 periclitatur.
662 1889 743 1953 Inde
765 1886 919 1973 estquod
942 1910 1069 1952 causam
1091 1885 1206 1951 latoris
1226 1911 1357 1974 praesen·

407 1993 500 2068 tium,
511 2005 671 2077 quatenus
685 1991 716 2053 in
732 1990 892 2054 auditorio
904 2002 1009 2054 nostro
1025 1989 1180 2054 ventilata
1191 2003 1252 2069 est,
1268 2003 1359 2074 prout

406 2091 500 2156 series
510 2095 580 2178 ejus
590 2093 621 2155 in
636 2092 758 2154 scriniis
768 2093 884 2154 nostris
896 2091 1082 2175 diligentius
1091 2091 1247 2176 inquisita
1257 2093 1357 2177 potuit

408 2193 554 2271 inveniri,
577 2192 748 2258 transferre
770 2196 953 2256 curavimus
974 2192 1015 2256 ad
1039 2192 1185 2257 notitiam
1214 2206 1360 2268 vestram,

408 2295 463 2379 qui
490 2318 559 2358 eam
588 2318 627 2358 ex
651 2293 802 2358 mandato
827 2294 1002 2380 apostolico
1030 2293 1156 2359 debetis
1185 2295 1361 2359 terminare.

409 2399 543 2461 Constat
559 2397 670 2483 itaque
684 2395 771 2482 quod
789 2418 846 2459 nos
866 2409 1001 2480 urgente
1017 2395 1168 2460 mandato
1183 2393 1285 2460 felicis
1300 2419 1359 2459 me-

407 2495 515 2561 moriae
532 2497 670 2580 Eugenii
686 2518 791 2582 papae,
808 2496 1013 2582 jamdictum
1032 2498 1077 2560 H.
1087 2494 1128 2559 de
1142 2495 1360 2561 Hameledona

406 2598 449 2662 ab
462 2597 549 2661 omni
570 2597 775 2682 obligatione,
795 2620 869 2683 quae
884 2597 925 2660 ab
945 2621 984 2660 eo
998 2610 1126 2661 extorta
1139 2599 1259 2674 suerat,
1276 2612 1359 2662 etex

406 2721 472 2787 qua
482 2699 653 2764 venerabili
664 2698 756 2763 fratri
764 2711 870 2763 vestro
882 2697 1092 2763 Wintoniensi
1101 2698 1254 2786 episcopo
1263 2698 1360 2765 teneri

406 2801 588 2878 videbatur,
610 2801 811 2865 absolvimus.
858 2800 906 2865 Ut
929 2823 1006 2886 ergo
1028 2801 1243 2866 absolutionis
1267 2802 1361 2888 hujus

408 2905 491 2968 ratio
513 2902 696 2969 discretioni
721 2916 836 2967 vestrae
857 2900 994 2965 lucidius
1023 2903 1214 2980 innotescat,
1241 2904 1362 2970 litteras

407 3005 597 3091 apostolicas
627 3005 718 3069 vobis
747 3002 883 3067 exscribi
914 3002 1126 3089 praecipimus.
1172 3004 1227 3069 Sic
1257 3005 1362 3093 itaque

407 3107 560 3192 scripturn
585 3121 631 3171 est
652 3105 782 3169 domino
803 3104 1017 3169 Wintoniensi
1039 3127 1099 3190 pro
1122 3109 1168 3169 H.
1184 3104 1303 3171 clerico
1322 3109 1360 3172 de

409 3206 633 3270 llameledona.
678 3206 784 3269 Juxta
799 3206 926 3271 Osberti
940 3205 1045 3271 clerici
1060 3206 1108 3269 tui
1124 3212 1359 3292 suggestionem

405 3309 596 3373 fraternitati
609 3321 675 3373 tuae
685 3330 742 3371 nos
755 3309 916 3396 scripsisse
928 3310 1144 3385 meminimus,
1157 3312 1359 3396 postmodum

407 3432 482 3473 vero
495 3409 579 3474 idem
603 3411 763 3474 Osbertus
782 3413 814 3475 in
837 3412 1007 3495 praesentia
1028 3424 1138 3475 nostra
1159 3435 1260 3499 super
1278 3435 1363 3477 men-

407 3512 498 3576 dacio
511 3526 544 3577 et
558 3512 641 3577 falsa
662 3512 867 3597 suggestione
888 3535 946 3577 sua
965 3513 1149 3578 contutatus
1170 3528 1272 3602 atque
1293 3538 1363 3579 con-

406 3613 510 3678 victus
518 3614 637 3691 extitit,
647 3616 798 3702 quoniam
811 3615 984 3700 praedictus
995 3616 1038 3679 H.
1049 3637 1236 3700 nequecum
1244 3617 1360 3692 amicis,

407 3738 510 3802 neque
525 3738 597 3779 cum
611 3716 722 3802 rapina
736 3716 884 3780 inventus
896 3716 944 3780 vel
959 3729 1074 3802 captus
1088 3715 1162 3779 fuit.
1208 3719 1362 3795 Quocirca

406 3816 478 3888 licet
495 3817 577 3883 sicut
589 3816 732 3881 homines
745 3815 849 3901 decipi
864 3816 1055 3902 quandoque
1066 3837 1247 3901 possumus,
1259 3831 1359 3884 tamen

409 3932 446 3988 ut
465 3920 629 3984 occasione
650 3911 828 3983 litterarum
853 3934 1030 3981 nostrarum
1055 3918 1219 3984 Henricus
1233 3921 1302 4006 ipse
1315 3920 1361 3984 in·

401 4021 490 4104 juste
513 4034 678 4101 tractetur,
700 4020 750 4083 vel
772 4019 1013 4095 condamnetur,
1036 4043 1093 4084 nec
1119 4020 1283 4098 volumus,
1305 4044 1359 4085 uec

407 4119 476 4205 pati
505 4119 667 4185 debemus.
713 4120 855 4204 ldeoque
885 4142 942 4205 per
962 4119 1132 4205 proesentia
1155 4121 1214 4185 tibi
1245 4123 1360 4207 scripta

408 4222 594 4284 mandamus
608 4236 705 4305 atque
721 4216 935 4304 praecipimus,
948 4220 1036 4305 quod
1050 4222 1136 4285 omni
1151 4224 1315 4287 occasione
1328 4235 1357 4285 et

409 4320 560 4387 dilatione
576 4333 705 4398 remota,
716 4319 850 4386 eundem
869 4325 913 4387 Η.
930 4321 1087 4387 restitutis
1101 4324 1263 4405 omnibns,
1274 4346 1357 4412 quoe·
