3034 5500
151 775 257 854 lica]
539 789 714 835 aeternnm.
1039 779 1102 836 989

145 945 263 1007 habere
286 944 383 1019 dixit,
399 945 563 1027 appellans
588 965 630 1006 ex
652 955 741 1025 parte
757 956 788 1005 et
810 945 938 1006 nomine
960 945 1053 1026 regie,
1070 959 1102 1009 ct

145 1047 298 1108 mandato
315 1045 394 1129 ejus,
409 1059 443 1107 ut
467 1047 584 1122 aiebat,
598 1044 733 1106 eundem
757 1046 1033 1130 archiepiscopum
1058 1048 1100 1111 ad

143 1147 341 1210 audientiam
355 1146 474 1208 domini
487 1167 578 1228 papae
594 1144 783 1220 Alexandri,
794 1159 825 1208 et
837 1168 977 1230 pereum
989 1149 1102 1231 appel·

142 1247 241 1324 labat,
253 1245 339 1307 diem
356 1246 523 1327 praefigens
539 1265 603 1327 qua
618 1246 808 1321 cantabitur,
819 1246 890 1325 Epo
903 1268 974 1309 eum
987 1257 1101 1327 pastor

142 1347 253 1409 mnus.
296 1347 571 1427 Archiepiscopus
586 1367 659 1407 vero
675 1346 703 1407 ei
720 1346 752 1406 in
769 1345 839 1407 haec
855 1347 951 1408 verba
965 1369 1098 1430 respon·

142 1446 203 1510 dit:
244 1448 327 1510 “Tu
340 1469 435 1530 quum
447 1448 575 1526 ignotus
585 1447 681 1508 nobis
693 1448 744 1523 sis,
757 1467 818 1508 nec
831 1449 1025 1526 mandatum,
1036 1468 1097 1511 nec

142 1550 267 1614 litteras
289 1550 373 1630 regis
396 1551 527 1622 habeas,
544 1560 576 1610 et
598 1569 638 1610 ex
662 1548 886 1610 commuuione
909 1547 1030 1611 domini
1054 1551 1100 1612 tui

140 1652 277 1716 loannis
293 1651 334 1714 de
349 1650 568 1714 Oxenesordia
587 1672 682 1733 quem
698 1651 1010 1713 excommunicatum
1027 1672 1098 1715 esse

141 1766 281 1832 constat,
304 1774 361 1835 per
383 1754 504 1815 litteras
528 1751 648 1814 domini
678 1772 773 1835 papae
799 1754 1097 1816 excommunicatus

142 1857 196 1931 eis,
223 1855 418 1939 appellantis
445 1854 585 1916 officinm
617 1854 749 1935 implere
776 1875 840 1915 non
871 1866 972 1936 potes.
1029 1853 1098 1917 Nos

141 1969 248 2019 autem
265 1955 448 2018 mandatum
465 1955 676 2038 apostolicum
692 1977 897 2038 exequemur,
910 1969 941 2019 et
956 1955 1098 2018 Domino

142 2073 275 2120 auctore
295 2058 530 2139 implebimus.''
575 2056 662 2127 Quid
685 2069 789 2119 autem
806 2058 903 2119 animi
926 2056 967 2121 ad
991 2057 1097 2120 Saros·

141 2160 320 2222 beriensem
351 2160 468 2221 lrabeat
498 2160 579 2221 scire
610 2161 729 2236 volens,
758 2159 799 2222 ad
830 2182 901 2222 eum
936 2159 1096 2242 proprium

141 2264 293 2326 nuntium
315 2262 483 2338 destinavi,
499 2263 554 2345 qui
577 2275 717 2325 mentem
740 2263 810 2345 ejus
834 2263 1018 2326 familiarius
1040 2285 1098 2326 ex·

143 2367 292 2447 ploraret.
339 2365 497 2429 Caeterum
523 2366 640 2428 sactum
668 2364 754 2428 istud
781 2366 1006 2449 episcoporum
1031 2378 1098 2429 tota

142 2465 284 2530 Francia
299 2467 438 2544 miratur,
454 2466 576 2542 dicens,
593 2487 648 2528 eos
672 2468 850 2550 oportuisse
867 2468 1048 2543 convenire,
1064 2481 1099 2531 ut

141 2580 314 2632 tractarent
326 2568 365 2631 de
382 2570 482 2631 salute
497 2569 581 2648 regis
593 2569 652 2647 sui,
666 2590 758 2651 quem
778 2568 860 2631 sicut
874 2570 1097 2650 imperatorem

142 2691 183 2733 ex
199 2691 298 2733 causa
313 2670 505 2746 schismatiS,
517 2671 562 2730 ita
579 2681 707 2752 propter·
722 2669 840 2730 clerum
858 2677 890 2728 et
905 2669 1098 2745 Ecclesiam,

143 2794 239 2856 quam
252 2772 386 2849 collidit,
398 2770 540 2854 qnotidie
553 2771 738 2834 labefactari
749 2769 961 2852 conspiciunt.
995 2771 1099 2853 Opor-

143 2878 231 2938 tebat
258 2896 387 2958 quoque
414 2896 468 2936 eos
494 2875 534 2936 de
560 2875 748 2935 liberatione
775 2872 932 2934 Ecclesiae
958 2883 990 2934 et
1015 2894 1097 2954 pace

144 2979 323 3054 sollicitari,
344 2988 376 3040 et
398 2998 527 3060 operam
552 2977 627 3039 dare
650 2988 684 3039 et
706 2976 917 3055 diligentiam,
937 2975 1099 3058 quomodo

143 3081 366 3143 reformaretur
396 3100 460 3160 pax
492 3079 589 3154 clero,
618 3098 683 3139 non
713 3077 875 3160 quomodo
905 3099 939 3139 se
969 3090 1001 3141 et
1031 3099 1098 3150 sua,

143 3182 335 3264 sumptibua,
365 3180 530 3242 laboribus
568 3192 600 3241 et
638 3178 789 3261 periculis
826 3189 1036 3260 exponerent,
1067 3190 1099 3242 et

142 3284 258 3344 sarnam
289 3302 378 3342 snam
420 3279 636 3362 deturpantes
667 3279 699 3339 in
730 3292 892 3360 posterum
927 3279 1096 3342 ecclesiam

142 3382 339 3465 subjicerent
367 3382 520 3445 servituti.
575 3381 658 3443 Rem
696 3401 825 3463 quoque
854 3381 1041 3459 mirabilem,
1070 3382 1098 3444 si

141 3495 246 3545 tamen
260 3503 333 3544 vera
344 3496 401 3559 est,
413 3502 523 3544 omnes
536 3481 591 3564 qui
604 3480 750 3558 audiunt,
762 3482 879 3562 pariter
893 3481 1097 3559 admirantur,

142 3582 238 3655 Quod
254 3582 379 3644 scilicet
390 3582 563 3664 episcopus
580 3581 826 3644 Herelordensis
837 3581 883 3643 rir
897 3582 1053 3645 litteratus
1065 3597 1098 3645 et

143 3682 254 3747 mundi
275 3696 475 3764 contemptor
497 3684 635 3761 habitus,
651 3683 682 3745 in
706 3685 982 3767 archiepiscopum
1005 3706 1098 3747 suum

142 3799 172 3849 et
195 3796 448 3847 consecratorem
476 3785 646 3857 invehitur,
670 3783 782 3848 dicens
804 3808 875 3849 eum
904 3787 1095 3848 turbatorem

143 3908 257 3962 rerum,
272 3886 348 3969 quia
362 3886 508 3948 ecclesiae
525 3886 674 3948 vendicat
688 3887 878 3949 libertatem.
916 3889 1033 3949 Nonne
1049 3888 1095 3950 sic

142 3989 307 4072 praepositi
322 3988 459 4049 filiorum
477 3988 584 4063 lsrael,
599 3989 632 4048 in
648 3989 785 4070 Moysen
809 4002 841 4052 et
856 3993 962 4051 Aaron
980 3990 1098 4052 divinae

142 4091 224 4170 legis
250 4099 441 4150 executores
467 4088 593 4171 culpam
624 4088 818 4167 refuderunt,
845 4090 931 4172 quod
957 4085 1097 4170 flagella·

143 4193 259 4254 bantur
273 4190 315 4253 ab
327 4190 543 4265 exactoribus,
554 4190 679 4270 negatis
695 4192 796 4274 paleis
812 4212 883 4273 quae
898 4192 1099 4254 debebantur

143 4293 183 4355 de
203 4290 300 4375 jurei
341 4312 447 4354 nonne
474 4291 626 4354 ministris
654 4293 786 4355 Domini
813 4294 1098 4376 improperabatur,

143 4395 229 4477 quod
256 4392 495 4476 praepositorum
524 4394 654 4456 nomina
680 4394 789 4456 foetere
820 4394 961 4455 fecerent
989 4412 1096 4453 coram

187 4515 263 4560 vot.
279 4514 304 4557 1.
612 4511 634 4555 u
