3034 5500
282 767 488 848 tus-oa.]
683 782 864 829 smsroca.
1189 768 1249 828 tua

276 938 399 1003 cultate
420 959 488 1000 non
513 947 663 1022 poterunt
687 934 857 999 conveniri.
905 933 989 998 Mihi
1011 935 1155 1020 quidem,
1170 935 1241 1000 licet

276 1039 444 1128 paulisper
462 1039 614 1116 haeream,
630 1037 814 1124 persuaderi
839 1060 901 1101 non
925 1050 1041 1123 potest,
1057 1038 1147 1124 quod
1170 1060 1242 1123 par-

276 1142 318 1208 tis
333 1142 482 1207 adverse
493 1141 621 1206 sinistra
631 1140 785 1205 adversus
797 1139 966 1205 dexteram
984 1142 1121 1205 Romani
1137 1142 1241 1226 ponti-

281 1245 349 1310 ficis
363 1243 584 1330 praevaluerit.
624 1242 703 1306 Levi
717 1255 822 1307 tamen
838 1244 1015 1329 gestamine
1026 1244 1241 1329 integritatem

285 1347 418 1431 virginis
457 1368 641 1432 oppressam
682 1345 858 1431 majestatis
893 1345 1008 1422 verbis,
1038 1345 1245 1411 fraudulenta

287 1452 450 1515 Senonum
467 1449 645 1534 irruptione
661 1448 729 1511 fere
744 1447 929 1511 subversam
950 1448 1088 1513 memini.
1135 1449 1244 1512 Debu-

286 1565 355 1617 erat
380 1551 485 1615 Roma
512 1553 650 1614 Senones
673 1556 737 1613 “et
761 1549 848 1613 dona
868 1549 1022 1613 ferentes'‘
1047 1548 1162 1613 habere
1176 1571 1245 1613 sus·

288 1668 406 1740 pectos.
454 1653 517 1717 Sed
548 1651 735 1716 cubicularii
763 1664 794 1715 et
825 1673 994 1714 assessores
1024 1650 1185 1737 principis,
1211 1664 1242 1714 et

287 1755 367 1822 sacri
396 1755 508 1843 palatii
538 1767 712 1841 quaestores
741 1753 986 1838 diligentissimi,
1016 1753 1078 1818 sub
1108 1753 1244 1838 imagine

283 1858 369 1943 juris
383 1857 584 1944 praesidentis
598 1855 680 1921 sorte
701 1854 888 1941 religionem
909 1856 1197 1936 circumvenerunt,
1212 1869 1244 1920 et

290 1960 414 2038 Gallos,
429 1959 506 2025 dum
523 1972 774 2044 emungerentur
789 1972 979 2023 censuerunt
995 1958 1132 2025 admitti.
1171 1961 1243 2024 Non

289 2061 439 2149 equidem
460 2060 589 2124 invideo
612 2059 809 2124 successibus
831 2083 953 2137 eorum,
970 2059 1024 2124 sed
1048 2079 1114 2125 ture
1135 2074 1168 2126 et
1190 2059 1245 2125 do-

288 2163 366 2227 mini
394 2161 601 2248 praecentoris
636 2161 755 2226 laesioni
796 2164 982 2250 compatior,
1013 2175 1103 2227 tanto
1133 2165 1245 2249 magis,

289 2265 533 2352 quantominus
548 2265 597 2329 his
612 2264 702 2329 malis
719 2264 836 2329 mederi
854 2289 993 2354 possum.
1034 2266 1144 2331 Facies
1158 2289 1245 2331 nam-

290 2389 356 2453 que
377 2388 485 2430 rerum
508 2387 584 2451 quae
605 2364 692 2453 apud
709 2388 765 2431 vos
786 2380 862 2431 sunt
885 2368 964 2430 mihi
987 2371 1098 2451 ignota
1119 2380 1178 2445 est,
1193 2390 1246 2432 ne-

289 2467 370 2554 gotii
384 2468 471 2532 vires
486 2490 526 2532 ex
542 2467 684 2532 absentia
703 2490 772 2532 mea
796 2469 889 2553 plena
911 2492 973 2533 non
997 2492 1124 2556 possum
1140 2470 1246 2556 inqui-

290 2569 405 2634 sitione
429 2568 600 2647 discutere,
625 2568 800 2635 incidentes
825 2571 976 2636 articulos
1001 2573 1082 2636 citra
1105 2572 1245 2657 partium

291 2675 481 2738 assertiones
495 2676 677 2736 examinare
699 2694 761 2736 non
779 2673 879 2750 valeo,
895 2687 927 2738 et
949 2674 991 2735 ob
1014 2673 1119 2737 hocin
1142 2697 1177 2737 re
1198 2675 1246 2737 in-

291 2795 381 2839 certa
402 2775 461 2839 tibi
484 2797 545 2838 non
570 2796 698 2859 possum
725 2775 804 2841 certi
828 2776 952 2840 consilii
974 2776 1077 2839 facere
1103 2777 1244 2862 copiam:

292 2879 353 2943 hoc
378 2878 450 2954 tibi,
473 2889 604 2941 auctore
628 2881 779 2954 Domino,
802 2879 912 2942 innata
935 2891 967 2942 et
991 2877 1149 2963 exquisita
1171 2899 1247 2962 pru·

292 2981 414 3060 dentia,
436 2980 608 3045 amicornm
631 2978 695 3044 fida
717 2980 882 3058 sedulitas,
900 2980 1080 3064 sapientum
1102 2978 1249 3043 affectata

294 3083 463 3148 instructio
488 3083 582 3167 longe
611 3082 810 3148 commodius
839 3081 1016 3169 praestabit,
1041 3095 1248 3146 veruntamen

296 3185 365 3250 sine
393 3185 515 3249 consilii
538 3186 737 3273 prejudicio,
759 3187 941 3251 interventu
964 3186 1085 3250 domini
1107 3185 1249 3250 Altissio-

296 3287 440 3353 dorensis
468 3288 621 3374 episcopi,
652 3302 689 3354 ut
718 3311 829 3375 preces
857 3288 978 3353 domini
1008 3311 1101 3375 papae
1130 3311 1188 3375 pro
1218 3303 1250 3354 te

294 3402 457 3478 porrectas
494 3390 656 3467 admittat,
697 3390 871 3456 studiosius
900 3390 1093 3472 sollicitabis,
1122 3406 1154 3457 et
1193 3415 1250 3478 per

296 3490 446 3568 eundem,
469 3504 501 3554 et
530 3490 609 3555 alios
631 3493 819 3577 mysterium
842 3491 963 3557 consilii
986 3492 1087 3579 partis
1109 3493 1251 3559 adversae

295 3593 467 3680 diligenter
482 3594 635 3679 inquires,
653 3610 688 3661 ut
704 3619 743 3660 ex
764 3619 802 3660 eo
817 3618 942 3661 causam
967 3609 1055 3660 tuam
1071 3596 1196 3661 facilius
1218 3612 1250 3661 et

296 3696 422 3761 felicius
436 3696 536 3783 possis
550 3698 716 3762 instruere.
756 3698 789 3762 Si
805 3721 913 3786 preces
927 3697 1165 3782 contempserit,
1177 3721 1250 3762 eum

297 3797 389 3883 quasi
412 3797 534 3861 invitus
561 3797 668 3860 trahes
694 3797 734 3860 ad
760 3798 899 3882 judices,
923 3799 1059 3862 maxime
1085 3799 1111 3861 si
1139 3798 1253 3863 litteris

297 3898 479 3985 apostolicis
493 3897 627 3961 aliorum
645 3898 770 3983 judicio
785 3912 868 3963 stare
883 3920 945 3961 non
961 3898 1093 3982 cogeris.
1139 3904 1253 3986 Neque

299 4001 430 4065 enimin
448 4000 507 4063 hac
530 4014 621 4085 parte
638 4000 891 4064 adversariorum
907 4000 1038 4065 vocibus
1059 4002 1179 4081 credes,
1193 4004 1254 4066 nisi

301 4101 452 4189 principis
478 4102 584 4188 apices
612 4102 885 4189 praesentaverint.
945 4104 979 4165 Si
1001 4102 1167 4186 judicibus
1190 4106 1255 4168 tuis

300 4204 521 4269 executionem
551 4202 693 4267 mandati
726 4203 890 4289 apostolici
920 4203 1071 4288 consequi
1101 4210 1255 4290 potueris,

301 4307 508 4393 adquiesoes:
538 4306 585 4369 sin
609 4320 729 4384 autem,
746 4306 908 4370 honestam
931 4305 1055 4368 itineris
1077 4327 1215 4381 cansam,
1230 4305 1255 4367 si

302 4407 342 4473 ad
357 4407 526 4474 dominum
544 4427 657 4492 papam
675 4405 829 4491 proticisci
852 4403 1006 4490 disponis,
1022 4404 1113 4466 amici
1133 4404 1181 4468 tui
1197 4405 1260 4467 lor-

758 4513 820 4570 ut
