3034 5500
281 773 390 852 troo]
616 834 619 840 ,
655 791 837 836 nmsronn.
1169 781 1234 839 819

277 953 416 1003 vestrum
439 943 592 1016 conferat,
616 944 771 1027 expediat
792 943 834 1007 ad
857 944 1012 1009 utilitates
1034 956 1066 1009 ct
1087 944 1235 1030 proficiat

275 1041 317 1103 ad
334 1041 477 1105 salutem.
524 1043 640 1108 Dicam
656 1065 731 1126 ergo
753 1044 841 1129 quod
856 1047 970 1125 sentio,
987 1057 1022 1109 ut
1043 1068 1086 1110 ex
1109 1048 1233 1110 consci-

274 1144 364 1205 cntia
388 1144 468 1206 nihil
491 1146 676 1210 subtraham
699 1148 832 1225 veritati,
856 1168 896 1211 ea
918 1145 982 1210 fide
1005 1159 1037 1211 et
1064 1148 1234 1212 devotione

276 1245 443 1308 vobiscum
459 1269 569 1327 agens,
586 1270 651 1332 qua
669 1249 828 1331 agendum
851 1249 950 1313 didici
974 1271 1047 1313 cum
1071 1250 1187 1328 amico,
1201 1260 1235 1313 ct

276 1367 344 1428 qua
366 1346 505 1410 dominis
526 1350 606 1411 meis
627 1349 756 1432 placere
779 1350 941 1413 consuevi.
987 1351 1150 1413 Noveritis
1172 1351 1232 1414 ita·

277 1468 352 1530 que,
369 1449 443 1530 quia
466 1449 506 1512 de
528 1470 655 1512 recessu
669 1459 775 1513 vestro
790 1450 885 1513 varim
907 1451 1032 1513 suerunt
1055 1453 1234 1527 sententiae,

278 1550 389 1611 multis
414 1552 653 1622 accusantibus,
676 1550 907 1612 excusantibus
932 1551 1044 1632 paucis
1066 1553 1234 1614 transitum

278 1672 374 1734 quem
405 1651 537 1715 lecistis.
583 1647 658 1713 Non
684 1653 771 1713 enim
797 1663 927 1715 noverat
956 1651 1125 1714 multitudo
1156 1653 1234 1736 quid

277 1753 377 1815 animi
393 1754 563 1829 haberetis,
575 1774 647 1835 quae
663 1773 720 1815 vos
735 1762 861 1833 urgeret
875 1753 1062 1829 necessitas,
1077 1737 1236 1836 quatenus

278 1855 370 1918 vobis
386 1855 551 1916 Romanus
566 1853 714 1937 pontifex
729 1851 924 1929 indulsisset,
939 1853 1018 1935 quid
1033 1854 1181 1917 utilitatis
1193 1877 1235 1917 ex

279 1957 378 2038 hujus
402 1955 496 2016 vestri
523 1954 763 2036 dispensatione
787 1955 923 2031 consilii,
945 1956 1110 2038 provenire
1136 1955 1237 2038 possit

278 2056 448 2120 Ecclesiae.
487 2057 604 2118 Verum
619 2055 785 2118 intuentur
799 2055 981 2119 schismatis
997 2056 1130 2134 crimen,
1144 2057 1236 2119 mali·

278 2160 356 2222 tiam
372 2178 482 2221 eorum
505 2157 545 2219 ad
570 2179 650 2240 quos
672 2157 842 2232 transistis,
858 2155 1034 2241 periculum
1057 2159 1235 2223 communi-

279 2260 376 2324 candi
401 2260 689 2322 excommunicatis
715 2281 756 2322 ex
780 2258 869 2342 justa
894 2281 1000 2338 cansa,
1025 2270 1057 2323 et
1079 2261 1180 2345 juste,
1204 2270 1237 2325 et

280 2383 375 2446 quem
406 2360 516 2424 vident
555 2361 775 2424 damnatorum
816 2364 1017 2426 contactibus
1054 2364 1236 2439 immisceri,

281 2463 460 2527 consentire
476 2484 604 2546 quoque
617 2462 788 2545 opinantur
802 2464 908 2526 errori.
947 2465 1020 2545 Ego
1036 2466 1092 2548 qui
1108 2487 1235 2529 cansam

282 2576 418 2628 vestram
434 2575 467 2626 et
481 2564 620 2625 animum
644 2563 714 2625 aliis
737 2559 928 2645 quibusdam
943 2564 1128 2628 familiarius
1150 2567 1235 2641 novi,

281 2665 315 2730 in
331 2677 420 2751 parte
435 2665 601 2728 consentio
617 2663 825 2738 multitudini,
841 2664 898 2726 sed
921 2662 1076 2728 dissentio
1092 2666 1124 2727 in
1147 2677 1237 2750 parte

283 2789 411 2850 magna.
460 2768 545 2829 Nam
576 2765 684 2850 quoad
714 2764 897 2829 schismatis
925 2763 1238 2845 condemnationem,

281 2882 368 2933 recte
384 2869 535 2945 sentirmt,
550 2889 589 2930 eo
611 2866 699 2951 quod
722 2869 762 2930 ab
786 2867 878 2930 initio
899 2868 983 2949 legis
1006 2866 1101 2941 datae,
1117 2879 1238 2952 quanta

283 2972 324 3034 sit
340 2971 461 3033 malitia
476 2970 618 3033 criminis
632 2968 738 3051 hujus,
749 2980 888 3042 constat,
900 2990 998 3053 quum
1015 2968 1237 3032 schismaticos

281 3072 411 3156 primos,
428 3071 545 3143 Chore,
562 3071 703 3147 Dathan,
718 3082 750 3133 et
765 3071 898 3148 Abiron,
909 3078 942 3133 et
956 3091 1112 3154 sequaces
1126 3091 1237 3134 eorum

280 3174 406 3236 insueta
421 3172 586 3234 hominum
606 3183 706 3235 morte
730 3181 939 3253 consumptos
960 3191 1051 3235 sacra
1073 3171 1238 3254 Scriptura

280 3274 402 3347 tradat;
426 3294 600 3356 eorumque
616 3271 905 3356 periculosissimus
920 3282 969 3334 est
983 3272 1160 3350 convictus,
1174 3272 1238 3336 nisi

283 3397 302 3438 a
314 3376 445 3438 crimine
457 3393 567 3437 eorum
580 3375 619 3437 sit
631 3373 816 3437 manifestus
829 3372 894 3434 vita
907 3382 940 3434 et
951 3373 1048 3435 verbo
1063 3373 1236 3438 dissensus.

285 3474 381 3539 Unde
397 3476 431 3537 in
446 3476 526 3537 libro
544 3471 917 3536 Numeromm—scienti
931 3472 1048 3535 etenim
1059 3483 1093 3536 et
1107 3472 1237 3538 docenti

282 3578 386 3659 legem
415 3576 705 3659 loquor—Moyses
730 3595 749 3636 a
771 3571 916 3636 fidelium
937 3584 1024 3636 coetu
1046 3573 1238 3638 Dathaoitas

282 3686 315 3740 et
344 3678 537 3760 Abyronitas
566 3677 701 3760 ejiciens
730 3676 793 3738 ait:
832 3674 985 3738 Recedite
1014 3674 1238 3737 tabernaculis

259 3782 450 3843 ‘tramittam
476 3782 663 3859 impiorum,
685 3785 717 3840 et
743 3777 844 3839 nolite
867 3785 1000 3856 lanpere
1025 3796 1096 3858 que
1121 3776 1238 3838 adeor

280 3883 462 3961 pertinent,
472 3902 513 3943 rie
524 3880 734 3942 involvamini
744 3878 935 3958 inpeccatis
944 3896 1064 3938 eorum.
1099 3875 1165 3940 Sed
1175 3898 1237 3941 nec

288 3982 455 4044 sacrificiis
484 3982 596 4044 talium
627 3980 723 4062 culpa
748 3977 930 4040 redimitur:
970 3977 1057 4061 quod
1082 3989 1171 4061 patet
1196 4001 1238 4043 ex

282 4185 432 4247 incendio
449 4195 594 4246 vastatur.
634 4182 794 4246 Caeterum
809 4180 946 4243 societas
961 4182 1136 4264 corporalis
1152 4183 1235 4245 salu·

285 4286 325 4347 tis
346 4282 550 4366 dispendium
565 4303 632 4344 non
647 4280 763 4363 ingerit
777 4280 850 4355 illis,
866 4279 920 4360 qni
942 4278 983 4340 ab
998 4278 1107 4360 impiis
1120 4279 1238 4360 pietate

286 4385 489 4459 dissentiunt,
505 4396 536 4447 et
560 4405 680 4446 errores
703 4383 848 4456 aliorum,
863 4391 927 4441 tam
950 4398 1081 4457 operum
1104 4376 1241 4442 dissimi-
