3034 5500
277 761 388 841 llos]
664 775 841 821 nersronn.
1167 761 1226 819 201

319 932 372 994 De
389 930 507 994 Cantia
526 943 629 992 autem
652 928 732 990 nihil
748 926 866 990 audivi.
906 923 1121 990 Veruntamen
1143 940 1232 1010 post·

276 1053 373 1115 qnam
399 1049 483 1114 puer
504 1050 594 1092 meus
616 1050 635 1090 a
657 1029 748 1091 vobis
770 1048 915 1091 reversus
934 1040 991 1104 est,
1011 1027 1118 1091 audivi
1142 1030 1230 1111 quod

275 1154 335 1195 rex
359 1130 528 1195 Scotorum
549 1131 717 1213 scripserat
737 1130 839 1202 robis,
855 1141 887 1192 et
908 1130 995 1213 qnod
1017 1128 1231 1196 obtinuerata

276 1255 351 1316 rege
375 1253 490 1316 pacem
515 1241 659 1294 vestram.
698 1229 764 1294 Sed
789 1251 853 1292 non
878 1231 968 1313 potui
993 1227 1088 1294 fidem
1113 1232 1231 1296 habero

278 1335 402 1398 verbis:
438 1348 505 1397 tum
534 1333 610 1416 quia
636 1331 733 1395 audio
761 1332 927 1395 Scotorum
955 1353 1064 1414 regem
1088 1354 1152 1396 non
1179 1355 1233 1398 ac·

278 1437 414 1501 cessisse
434 1434 475 1498 ad
498 1446 651 1511 nostrum,
666 1448 733 1496 tum
756 1433 833 1517 quia
852 1433 1015 1513 negotium
1037 1446 1102 1496 tam
1118 1437 1232 1500 acriter

278 1539 443 1621 inceptum
461 1535 563 1614 video,
575 1549 610 1598 ut
623 1557 688 1598 non
705 1534 807 1618 possit
821 1535 890 1595 sine
903 1533 1058 1596 miraculo
1072 1535 1165 1600 facile
1178 1558 1234 1619 per

278 1639 387 1701 literas
409 1635 565 1719 expediri.
604 1635 762 1697 Praeterea
777 1633 894 1695 dicitur
912 1632 999 1716 qnod
1015 1655 1123 1697 comes
1138 1637 1232 1699 Flan-

279 1739 405 1802 drensis
429 1747 540 1820 rogatu
563 1735 774 1819 imperatricis
801 1746 832 1796 et
856 1733 972 1814 reginae
994 1756 1127 1816 magnos
1148 1737 1234 1801 viros

279 1840 367 1902 misit
381 1839 423 1902 ad
443 1859 562 1919 regem,
577 1859 676 1917 agens
692 1835 732 1898 de
753 1856 835 1918 pace
851 1847 963 1909 vestra,
980 1847 1012 1899 et
1031 1836 1116 1919 quod
1133 1837 1233 1901 redie-

278 1955 362 2005 runt.
401 1941 465 2005 Sed
480 1938 558 2024 quid
579 1939 752 2015 retulerint,
768 1937 924 1999 incertum
945 1936 1059 2001 habeo.
1097 1940 1149 2003 Ad
1164 1940 1233 2004 haec

280 2044 411 2126 quidam
425 2042 464 2105 de
477 2041 664 2105 domesticis
676 2040 798 2116 restris
810 2050 844 2101 ut
856 2038 962 2117 audi0,
973 2042 1014 2102 ab
1026 2043 1234 2125 expeditione

279 2146 409 2209 Walliae
424 2145 466 2207 ad
481 2165 538 2206 vos
553 2144 668 2206 reversi
682 2151 765 2205 sunt.
805 2137 854 2203 Ea
868 2154 996 2225 propter
1010 2143 1089 2207 mihi
1105 2145 1236 2210 rescribi

279 2268 404 2330 precor,
428 2257 459 2309 et
484 2245 524 2308 de
550 2243 682 2318 nuncio,
707 2266 801 2326 quem
828 2240 869 2306 ad
897 2265 953 2307 vos
979 2247 1151 2311 transmisit
1175 2270 1234 2312 rex

280 2348 414 2425 Scotiae,
433 2359 466 2410 et
486 2347 526 2409 de
549 2346 677 2409 nunciis
699 2347 826 2408 comitis
844 2345 1050 2410 Flandrensis
1069 2348 1236 2414 destinatis

281 2449 321 2511 ad
338 2470 457 2530 regem,
467 2461 500 2512 et
516 2449 603 2532 quod
619 2446 753 2511 audistis
765 2446 804 2510 de
818 2447 946 2510 domino
957 2470 1042 2530 rege,
1054 2460 1085 2511 et
1095 2451 1236 2515 Wallen-

279 2551 382 2626 sibus
397 2562 430 2612 et
444 2550 471 2612 si
488 2548 566 2633 quid
582 2549 622 2611 de
638 2549 769 2612 domino
786 2571 870 2632 papa
886 2550 977 2611 vobis
992 2548 1139 2631 innotuit,
1151 2566 1235 2636 post·

280 2673 377 2735 quam
395 2651 481 2715 venit
495 2649 536 2713 ad
552 2662 690 2712 montem
708 2649 925 2713 Pessulannm.

324 2754 483 2816 Desidero
506 2763 611 2815 autem
637 2751 676 2815 de
699 2774 737 2814 eo
760 2752 868 2813 andire
892 2772 1052 2834 prospera,
1077 2777 1115 2817 eo
1135 2759 1236 2839 magis

282 2878 347 2941 qno
363 2856 412 2918 illi
432 2877 473 2917 ex
490 2876 608 2936 magna
628 2866 725 2938 parte,
740 2855 822 2916 inter
842 2875 923 2934 quos
943 2875 1059 2929 moror,
1075 2858 1105 2919 ei
1126 2860 1234 2921 ratici-

281 2971 399 3023 nantur
414 2958 555 3021 adversa.
588 2958 711 3019 Dicunt
722 2956 808 3018 enim
821 2954 908 3037 quod
920 2950 1029 3018 Pisani
1040 2968 1073 3019 et
1085 2959 1237 3023 Gennan-

281 3085 343 3139 ses,
359 3083 397 3125 ac
413 3061 509 3124 etiam
525 3060 728 3122 Arelatenses
748 3078 834 3119 mare
849 3057 984 3137 ingressi
1000 3068 1075 3121 sunt
1089 3080 1130 3121 ex
1147 3081 1236 3124 man·

282 3165 359 3228 dato
390 3162 560 3225 Teutonici
591 3160 728 3244 tyranni,
756 3170 791 3221 ut
818 3159 848 3222 ei
879 3158 1010 3221 tendant
1035 3159 1178 3239 insidias,
1204 3176 1239 3227 et

282 3265 450 3351 piraticam
477 3274 667 3336 exerceant3
699 3272 734 3323 ut
759 3261 828 3322 sine
853 3260 1102 3325 manuductione
1128 3286 1236 3329 eorum

284 3365 366 3429 nulli
382 3364 513 3428 omnino
534 3363 631 3426 liceat
646 3362 793 3442 navigare
814 3361 847 3423 in
864 3361 920 3423 illo
941 3364 1029 3425 mari.
1068 3362 1237 3446 Adjiciunt

282 3471 379 3531 etiam
400 3465 487 3550 quod
501 3467 533 3528 in
554 3464 725 3528 ecclesiam
740 3463 963 3543 Moguntinam
985 3466 1059 3528 velit
1079 3467 1237 3533 intrudere

283 3571 374 3633 illum
391 3591 457 3631 non
470 3567 699 3642 Christianum,
708 3564 765 3627 sed
779 3564 1049 3642 Anti-Christum,
1062 3581 1239 3650 apostatam

286 3693 392 3745 suurn,
408 3670 462 3754 qui
481 3667 664 3748 Reginaldo
680 3665 837 3729 successit
851 3666 884 3727 in
900 3666 1007 3728 officio
1027 3672 1239 3750 cancellariae,

285 3783 317 3835 et
331 3770 555 3856 persecutione
571 3768 728 3843 ecclesia,
743 3779 775 3829 et
795 3767 960 3829 collisione
984 3790 1020 3831 ac
1036 3782 1142 3851 strage
1162 3795 1240 3854 gen-

285 3875 376 3950 tium,
391 3885 425 3934 et
444 3870 608 3934 eversione
624 3869 798 3932 civitatum.
837 3865 964 3932 Dicitur
983 3870 1068 3932 enim
1090 3872 1151 3934 hoc
1167 3895 1239 3956 pro·

286 3974 437 4036 meruisse
453 3972 487 4034 in
502 3992 552 4046 eo,
567 3968 655 4052 quod
670 3969 822 4031 Tusciam
846 3980 942 4030 totam
959 3970 1144 4035 Teutonicis
1164 3978 1239 4039 snb-

287 4074 378 4152 didit,
401 4083 433 4137 et
452 4071 674 4155 Campaniam,
690 4082 725 4132 ut
743 4070 901 4131 Romanis
924 4069 1001 4133 nilril
1020 4072 1165 4136 relictum
1188 4078 1239 4154 sit,

288 4201 347 4241 nec
363 4178 397 4240 in
414 4176 509 4256 agris,
525 4195 585 4237 nec
607 4174 640 4235 in
656 4172 792 4244 olivetis,
809 4183 863 4233 aut
885 4171 995 4246 vineis,
1012 4185 1103 4235 extra
1123 4180 1242 4242 moenia

289 4281 383 4343 urbis.
433 4276 539 4352 Unde,
564 4287 600 4337 ut
626 4274 725 4347 aiunt,
749 4273 893 4335 inclusus
916 4274 1066 4355 populus,
1090 4287 1122 4337 et
1147 4281 1240 4358 qnasi

289 4384 421 4445 affectus
445 4377 552 4441 inedia
575 4375 714 4439 obtinuit
735 4375 843 4439 multis
866 4373 1027 4456 precibus,
1050 4380 1083 4435 et
1102 4379 1241 4455 pecunia
