3034 5500
424 762 483 819 116
678 774 814 819 ananius
830 762 1112 816 ‘sanasaanran'srs
1287 754 1329 832 [a.
1346 774 1371 817 n.

418 924 469 988 die
493 922 733 988 consecrationis
751 923 819 1008 jam
843 922 937 985 dictae
957 921 1097 984 ecclesiae
1122 919 1288 984 Radulfus
1312 922 1369 984 Ro

418 1025 537 1090 tundus
557 1023 728 1097 obtulerat,
750 1023 899 1108 episcopo
925 1021 1142 1084 Londonieusi
1164 1035 1320 1105 praesente
1339 1036 1368 1086 et

417 1126 625 1212 approbante,
641 1123 701 1186 sibi
724 1126 848 1187 restitui
869 1122 1056 1208 postulavit,
1072 1121 1183 1184 dicens
1205 1144 1239 1185 se
1259 1121 1367 1184 eisdem

384 1210 390 1221 ⁸
417 1227 537 1312 absque
555 1225 679 1311 judicio
694 1223 873 1309 spoliatam,
890 1236 1044 1308 tantoque
1062 1223 1232 1307 jussuum
1251 1223 1368 1286 dicebat

417 1351 483 1390 esse
505 1325 670 1413 liquidius,
694 1340 815 1410 quanto
837 1323 983 1409 pluribus
1005 1325 1036 1387 in
1065 1323 1182 1386 vicinia
1209 1324 1368 1388 constabat

418 1427 504 1515 quod
539 1428 596 1490 has
626 1425 850 1488 decimationes
878 1423 919 1486 ab
949 1437 1148 1487 antecessore
1178 1423 1313 1487 Martini
1340 1438 1368 1487 et

417 1529 550 1594 ecclesia
565 1526 605 1590 de
626 1524 790 1590 Waltbam
814 1525 966 1590 Canonici
988 1538 1107 1588 sanctae
1121 1524 1293 1589 Trinitatis
1310 1526 1369 1589 evi·

418 1645 536 1696 cerant.
582 1630 687 1705 Quum
705 1650 780 1690 vero
798 1650 892 1689 causa
912 1627 979 1689 baec
999 1625 1122 1690 diutius
1143 1624 1176 1688 in
1200 1626 1273 1689 soro
1289 1627 1368 1690 Lon·

417 1732 576 1796 doniensis
605 1730 743 1792 ecclesiae
772 1741 964 1812 pertractata
992 1742 1084 1805 esset,
1109 1727 1152 1790 ad
1178 1727 1366 1792 audientiam

418 1845 554 1895 vestram
576 1853 632 1915 per
653 1828 896 1916 appellationem
918 1826 1071 1891 translata
1086 1840 1153 1890 eat:
1179 1827 1368 1911 tandemque

417 1932 593 2006 Martinus,
609 1929 666 2014 qui
681 1927 857 1991 delationes
873 1928 979 2012 plures
993 1948 1032 1988 ex
1049 1925 1144 1988 variis
1166 1926 1273 1989 causis
1293 1927 1368 1989 obti-

416 2044 540 2103 nuerat,
557 2041 627 2112 post
637 2030 856 2113 juramentum
874 2026 913 2090 de
928 2026 1086 2089 calumnia
1105 2026 1180 2090 binc
1203 2025 1280 2090 inde
1294 2048 1370 2112 pra-

416 2129 540 2205 stitum,
568 2143 601 2192 et
632 2130 690 2191 boc
717 2128 757 2192 de
788 2151 942 2191 consensu
972 2141 1004 2192 et
1033 2126 1189 2214 petitione
1220 2129 1367 2212 partium,

416 2228 484 2292 dies
515 2229 756 2315 peremptorius,
785 2227 858 2292 licet
885 2228 946 2290 hoc
976 2228 1138 2291 Martinus
1163 2227 1367 2304 inficiaretur,

416 2329 567 2415 praefixus
589 2342 647 2402 est,
671 2351 737 2412 quo
759 2350 858 2412 quum
881 2350 972 2391 suam
994 2328 1135 2390 canonici
1159 2328 1279 2392 vellent
1302 2329 1369 2392 lun·

415 2431 492 2494 dare
522 2431 741 2507 intentionem,
766 2431 833 2515 jam
865 2430 970 2493 dictus
1000 2433 1048 2494 M.
1075 2431 1231 2493 oratorias
1261 2453 1369 2517 excep

417 2533 518 2598 tiones
533 2533 577 2597 eis
596 2534 758 2619 opposuit,
773 2533 881 2598 dicens
904 2533 964 2595 sibi
984 2532 1106 2618 aliquid
1128 2555 1186 2618 per
1206 2534 1369 2598 canonicos

414 2637 536 2712 abesse,
551 2658 588 2698 eo
603 2634 691 2720 quod
707 2633 789 2697 datis
805 2632 1045 2717 fidejussoribus
1067 2632 1230 2717 obligatus
1244 2648 1313 2699 erat
1329 2633 1368 2699 ad

414 2736 646 2801 conservandas
667 2735 817 2820 praefatas
839 2733 986 2807 decimas,
1009 2757 1111 2820 usque
1134 2734 1174 2800 ad
1199 2734 1266 2801 litis
1287 2735 1368 2800 deci·

416 2839 547 2916 sionem,
569 2852 601 2903 et
624 2838 701 2925 quia
715 2861 767 2900 eas
789 2836 964 2900 distrahere
982 2858 1044 2899 non
1061 2837 1189 2915 licebat,
1208 2838 1270 2903 sibi
1291 2861 1367 2924 prie-

410 2940 570 3026 judicium
592 2941 710 3004 factum
734 2940 879 3021 asseruit.
924 2938 980 3001 Ad
1001 2940 1071 3001 haec
1091 2937 1235 3002 canonici
1252 2964 1286 3005 se
1300 2939 1367 3004 nul·

416 3043 479 3103 lam
502 3039 726 3123 obligationem
750 3061 770 3100 a
791 3037 934 3100 Martino
958 3041 1136 3113 extorsisse,
1159 3038 1210 3102 vel
1230 3039 1366 3125 aliquem

416 3140 542 3203 nomine
571 3162 679 3201 eorum
706 3151 887 3202 constanter
915 3140 1105 3204 asserebant.
1151 3140 1211 3205 Ille
1240 3163 1367 3228 quoque

416 3240 472 3325 qui
495 3238 694 3323 fidejussores
714 3262 733 3301 a
755 3240 899 3305 Martino
921 3255 1112 3325 susceperat,
1134 3264 1167 3304 se
1185 3264 1290 3327 neque
1315 3264 1368 3305 no-

415 3339 510 3416 mine,
533 3361 635 3424 neque
657 3340 808 3404 mandato
830 3341 1051 3405 canonicorum
1078 3365 1131 3405 eos
1157 3343 1241 3405 sicut
1259 3344 1367 3428 jurare

415 3453 547 3524 paratus
561 3452 640 3516 erat,
656 3444 810 3525 accepisse
826 3442 966 3507 dicebat:
989 3442 1044 3506 sed
1056 3442 1135 3527 quia
1145 3442 1368 3507 decimationes

415 3539 568 3624 litigiosas
589 3563 655 3604 esse
678 3540 818 3617 videbat,
842 3541 966 3627 sibique
990 3542 1116 3606 nolebat
1140 3545 1172 3605 in
1196 3541 1256 3604 bac
1278 3556 1367 3628 parte

415 3640 604 3727 prospicere,
626 3662 665 3704 ne
687 3640 772 3703 forte
792 3640 833 3703 ab
853 3663 891 3703 eo
914 3642 1014 3727 repeti
1034 3654 1173 3726 possent,
1191 3641 1217 3706 si
1240 3664 1294 3706 eas
1310 3643 1368 3706 im·

414 3743 587 3828 prudenter
616 3741 736 3825 injusto
765 3740 905 3806 exactori
938 3742 1091 3807 solvisset.
1151 3742 1243 3807 Idem
1274 3745 1368 3808 etiam

415 3842 628 3930 fidejussionis
654 3841 880 3927 obligationem
909 3842 1051 3906 Martino
1076 3842 1208 3923 remisit,
1231 3856 1265 3908 et
1294 3844 1367 3908 lide·

411 3945 591 4030 jussoribus
616 3944 695 4007 suis:
736 3943 820 4007 unde
844 3967 942 4029 quum
963 3944 1209 4029 interloquendo
1231 3967 1366 4029 pronau-

415 4046 560 4121 tiaretur,
583 4044 663 4107 banc
689 4044 907 4129 exceptionem
931 4066 1133 4129 nequaquam
1158 4044 1302 4109 sufficere
1326 4044 1365 4108 ad

414 4169 517 4211 causta
532 4146 727 4223 dilationem,
741 4160 773 4209 et
792 4159 826 4208 ut
843 4148 1003 4210 Martinus
1018 4146 1049 4208 in
1065 4168 1160 4211 causa
1182 4146 1363 4232 procederet

413 4249 606 4333 exigeretur,
636 4245 676 4309 ad
707 4259 845 4310 vestram
884 4247 1079 4312 audientiam
1114 4248 1292 4333 appellavit
1325 4247 1363 4311 ad

416 4353 520 4430 Quasi
536 4348 624 4410 modo
634 4350 747 4427 geniti.
