3034 5500
415 752 456 810 68
673 765 809 809 sosuurs
823 764 1102 809 sunasaamuusrs
1275 749 1319 827 [u.
1336 768 1363 812 n.

415 916 552 980 mundus
588 927 746 998 agnoscet,
781 913 1009 978 consecrationi
1046 912 1131 979 illius
1167 913 1364 981 deruerunt?

416 1019 502 1093 Quid
523 1020 636 1082 ascitos
657 1017 787 1082 Tusciae
806 1016 968 1102 episcopos
983 1039 1003 1080 a
1023 1017 1263 1082 consecratione
1283 1019 1361 1083 inhi-

414 1120 494 1198 buit,
510 1120 569 1185 nisi
590 1119 745 1203 sacrilegii
763 1117 981 1184 conscientia?
1019 1118 1123 1182 Miror
1144 1120 1233 1206 quod
1255 1144 1361 1186 omnes

413 1246 586 1309 pauperem
612 1232 789 1309 sequuntur
812 1221 1043 1301 Alexandrum,
1072 1222 1265 1310 maluntque
1291 1247 1359 1288 cum

412 1349 451 1391 eo
480 1326 608 1391 exulare
638 1348 658 1390 a
686 1324 767 1388 facie
804 1323 995 1409 principum,
1024 1345 1121 1409 quam
1159 1325 1359 1392 adhaerentes

412 1429 529 1494 aemulo
540 1430 609 1513 ejus
624 1450 697 1492 cunt
713 1426 909 1513 principibus
923 1425 1069 1509 gentium
1081 1427 1252 1512 imperare.
1298 1429 1358 1493 Hic

413 1532 564 1619 episcopi,
580 1531 631 1594 hic
647 1528 831 1615 presbyteri,
846 1527 897 1591 hic
916 1528 1052 1608 diaconi,
1067 1528 1119 1592 hic
1135 1529 1224 1594 curia
1239 1542 1315 1613 tota,
1328 1545 1360 1596 et

412 1636 523 1701 ordine
535 1635 575 1698 de
587 1645 676 1698 tanto
687 1631 829 1719 quisquis
843 1652 907 1695 non
918 1631 1036 1712 exulat,
1048 1631 1100 1695 hic
1111 1647 1175 1698 est:
1198 1655 1253 1697 eos
1271 1636 1360 1719 Papi-

412 1739 496 1803 ensis
511 1737 636 1802 concilii
652 1734 810 1799 sententia
824 1756 886 1797 non
903 1745 1011 1814 terret,
1021 1733 1076 1797 sed
1091 1735 1124 1798 in
1141 1735 1246 1820 ipsum
1262 1735 1357 1822 imps-

411 1855 559 1919 ratorem,
571 1851 604 1902 et
618 1837 737 1901 idolum
751 1858 844 1901 suum
857 1856 931 1898 cum
943 1834 1091 1898 omnibus
1102 1835 1278 1902 cultoribus
1289 1838 1359 1919 suis,

410 1953 573 2026 sperantes
582 1942 614 2003 in
626 1938 816 2014 Domino,in
826 1937 1098 2022 potentiavirtutis
1107 1938 1187 2023 ejus,
1194 1940 1357 2005 confortati

409 2043 442 2105 in
462 2042 581 2126 Spiritu
597 2052 706 2104 sancto
720 2040 910 2103 sententiam
931 2039 1142 2104 anathematis
1157 2039 1357 2107 intorsemut.

453 2143 597 2206 Transeo
626 2142 667 2205 ad
696 2163 792 2204 novas
817 2154 851 2203 et
875 2141 1032 2206 inauditas
1055 2141 1225 2208 decretalis
1251 2146 1357 2230 synodi

409 2243 664 2329 subscriptiones,
681 2242 713 2306 in
729 2242 846 2328 quibus
861 2265 901 2307 ex
921 2243 1141 2330 episcoporum
1157 2244 1287 2311 defectu
1302 2270 1357 2333 pro

409 2348 455 2413 eis
478 2346 610 2411 comites
639 2346 862 2422 admittuntur,
888 2347 921 2409 iu
945 2347 1062 2433 quibus
1086 2346 1133 2412 illi
1162 2349 1356 2435 praecipuam

407 2449 468 2514 sibi
498 2447 669 2513 vendicant
704 2447 926 2511 auctoritatem
956 2447 1184 2534 episcopalium
1222 2451 1355 2526 sedium,

407 2573 541 2638 quarum
564 2564 620 2614 aut
644 2548 732 2614 nulla
753 2565 802 2613 est
820 2561 877 2613 aut
899 2548 1014 2613 electio
1035 2551 1214 2635 reprobata.
1260 2554 1356 2638 Regi·

407 2652 519 2718 ualdus
534 2651 619 2715 enim
640 2648 847 2714 cancellarius
868 2648 1067 2734 imperatoris
1081 2674 1115 2715 se
1131 2651 1354 2719 Coloniensem

405 2756 503 2841 gessit
525 2754 810 2839 archiepiscopum,
833 2774 933 2839 quum
957 2765 1081 2817 certum
1103 2754 1145 2818 sit
1167 2755 1355 2822 electionem

405 2859 474 2944 ejus
488 2881 508 2922 a
523 2863 669 2924 Romano
690 2854 851 2941 pontifice,
872 2853 967 2918 beato
984 2854 1136 2933 Adriano,
1153 2855 1250 2922 fuisse
1269 2858 1355 2922 dam.

404 2973 523 3031 natam,
541 2982 600 3024 nec
616 2959 708 3023 video
730 2980 840 3044 quare,
855 2978 955 3043 quum
978 2956 1196 3043 episcopatum
1220 2960 1352 3037 ambiat,

404 3085 424 3127 a
448 3063 577 3126 Victore
601 3082 658 3124 suo
681 3057 841 3123 distulerit
866 3059 1052 3138 consecrari,
1072 3059 1132 3123 nisi
1155 3060 1232 3147 quia
1253 3062 1354 3127 immi·

401 3176 532 3229 nentem
548 3164 671 3226 ruinam
688 3162 790 3227 timet.
836 3162 945 3226 Guido
960 3184 1067 3226 comes
1081 3163 1122 3226 de
1140 3163 1351 3242 Plaudarada,

402 3264 598 3332 Ravennatis
620 3262 846 3348 archiepiscopi
867 3263 1025 3349 supplevit
1040 3263 1154 3341 vicem,
1170 3288 1272 3353 quum
1295 3289 1353 3332 nec

401 3367 485 3432 filius
507 3388 593 3441 suus,
620 3365 710 3449 cujus
739 3365 854 3430 electio
882 3379 1029 3454 quassata
1057 3380 1117 3448 est,
1145 3367 1223 3433 licet
1252 3369 1352 3434 mnus

396 3468 524 3555 juvenis
553 3467 603 3543 sit,
633 3468 738 3532 adhuc
771 3468 837 3532 vice
868 3469 1095 3556 archiepiscopi
1126 3470 1218 3554 fungi
1247 3470 1352 3555 possit.

402 3571 464 3638 Cui
485 3593 548 3636 non
570 3570 640 3634 haec
663 3570 796 3635 ridicula
822 3571 1014 3636 videantur?
1054 3573 1171 3637 Scenae
1191 3572 1352 3637 theatralis

399 3675 470 3738 haec
489 3672 610 3758 species
625 3685 684 3753 ast,
707 3673 927 3759 potiusquam
954 3673 1120 3737 reverendi
1147 3672 1255 3759 imago
1277 3696 1351 3738 con·

399 3775 472 3841 cilii.
505 3774 603 3852 Quid,
620 3775 706 3860 quod
722 3796 891 3858 regnorum
909 3786 941 3837 et
957 3774 1190 3859 provinciarum
1207 3797 1351 3859 magnus,

398 3878 494 3942 falsus
515 3890 634 3954 tamen,
649 3876 801 3940 collectus
820 3889 869 3939 est
889 3896 1051 3951 numerus,
1068 3888 1103 3939 ut
1124 3875 1351 3960 subscriptores

398 3980 447 4043 isti
463 3981 588 4062 ignaros
603 4001 709 4042 rerum
727 4000 836 4043 secum
853 3976 976 4040 facilius
995 3978 1028 4040 in
1050 3976 1265 4062 praecipitium
1287 3990 1349 4042 tra·

398 4081 496 4145 hant?
521 4081 602 4155 Quis
617 4080 658 4143 ad
673 4079 758 4144 illius
773 4078 898 4142 concilii
913 4092 1032 4143 statuta
1047 4093 1226 4157 moveatur,
1242 4079 1297 4143 ubi

500 4244 605 4255 --
618 4214 709 4265 sedere
722 4220 811 4283 patras
822 4232 928 4266 censere
940 4216 1031 4285 parati,

502 4302 530 4351 Si
543 4316 659 4364 regnum,
672 4300 694 4348 si
707 4298 805 4367 templa
817 4307 899 4369 petat,
909 4300 1079 4369 jugulumque
1092 4306 1211 4364 senatus,

502 4387 679 4452 Passurasque
691 4382 797 4436 infanda
809 4402 897 4437 nums.
