3034 5500
281 751 484 836 trra-61]
688 772 870 818 rrrsrosm.
1207 765 1246 821 51

275 921 358 1007 regni
374 926 498 1002 vestri,
509 921 658 1009 nihilque
667 916 701 985 in
717 922 939 1010 praejudicium
952 925 1021 1013 ejus
1036 927 1243 992 statuendum

277 1027 404 1092 estsine
418 1025 563 1092 oonsilio
577 1024 654 1091 cleri
671 1025 775 1091 vestri.

321 1340 556 1408 EPISTOLA
578 1340 789 1405 ΚΒΜ-ΑΒ
804 1359 1065 1407 caucanaanruu
1080 1362 1187 1408 neers.

689 1491 851 1556 Coretum.

325 1625 481 1690 Gaavarr
495 1645 610 1689 sumus
624 1623 698 1711 plus
712 1646 810 1710 quam
827 1622 884 1689 tibi
898 1623 948 1689 vel
963 1622 1034 1688 aliis
1048 1623 1153 1689 dicere
1168 1647 1239 1712 pos-

284 1748 407 1802 sumus,
421 1737 455 1791 et
470 1724 613 1790 nondum
630 1725 710 1789 bene
724 1723 896 1789 evasimus.
933 1727 1013 1811 Spes
1029 1737 1132 1791 tamen
1149 1726 1242 1793 nobis
1262 1771 1278 1796 a

286 1818 339 1892 est
359 1826 516 1891 evadendi
531 1826 715 1908 salubriter,
728 1826 808 1912 quia
828 1825 931 1908 nobis,
944 1838 1075 1891 auctore
1091 1827 1240 1906 Domino,

286 1930 489 2016 propositum
517 1942 564 1994 est
593 1928 776 1996 satisfacere
803 1927 988 2015 flagellanti,
1016 1943 1048 1994 et
1073 1928 1236 2013 flagellum

288 2045 443 2096 aeternum
461 2030 619 2097 declinare
636 2031 844 2117 castigatione
859 2031 1027 2118 praesenti:
1057 2054 1159 2119 eoque
1173 2054 1240 2095 cer-

287 2132 382 2197 tiores
395 2153 506 2197 sumus
520 2132 675 2209 devonia,
688 2157 754 2219 quo
767 2136 896 2219 gravius
906 2133 1077 2219 affligimur
1091 2134 1239 2219 praesenti

287 2236 427 2321 corporis
447 2256 555 2322 poena.
601 2233 759 2318 Flagellat
781 2236 863 2299 enim
884 2235 1042 2299 Dominus
1056 2257 1182 2300 omnem
1203 2235 1241 2299 fi-

287 2334 365 2401 lium
387 2359 486 2424 quem
508 2335 631 2422 recipit.
676 2336 785 2402 Parati
810 2359 886 2422 ergo
912 2360 1021 2403 sumus
1046 2338 1182 2423 patienti
1207 2348 1239 2400 et

287 2435 361 2502 leto
382 2437 488 2502 animo
511 2460 621 2503 amara
646 2437 806 2523 suscipere
831 2436 872 2503 de
893 2461 989 2503 manu
1017 2438 1159 2517 Domini,
1183 2439 1239 2527 qui

287 2539 390 2605 dulcia
405 2540 501 2607 toties
515 2539 549 2604 in
564 2561 655 2605 usum
671 2539 852 2625 accepimus
866 2540 916 2605 vel
931 2541 1077 2608 abusum.
1122 2542 1240 2628 Itaque

287 2641 353 2706 sive
378 2642 527 2718 vivimus,
554 2639 620 2706 sive
645 2640 808 2722 morimur,
830 2642 961 2707 Domini
986 2666 1106 2708 sumus.
1151 2641 1241 2707 Nihil

286 2744 369 2809 enim
386 2743 473 2811 aliud
489 2743 706 2810 desideramus
719 2743 752 2809 in
766 2742 845 2823 rita,
856 2742 931 2810 licet
945 2744 1069 2831 aliquid
1085 2742 1242 2831 propositi

287 2844 485 2923 differamus,
494 2845 594 2912 donec
608 2846 729 2913 domini
745 2848 830 2933 regis
844 2859 877 2911 et
893 2860 949 2911 tuo
960 2859 1088 2910 utamur
1101 2844 1242 2910 consilio.

288 2949 425 3014 Interim
440 2948 548 3015 domui
563 2963 692 3027 nostrae,
707 2964 741 3015 et
763 2950 878 3014 anima.
894 2961 1012 3013 nostrae
1033 2946 1242 3034 disponimus,

286 3063 319 3116 et
335 3074 397 3138 pro
406 3051 537 3116 consilio
549 3051 782 3139 religiosorum,
795 3049 910 3118 amodo
921 3063 1092 3137 praestante
1104 3047 1243 3116 Domino

287 3152 443 3219 efficacius
457 3154 674 3240 disponemus.
721 3155 782 3219 Est
797 3166 905 3218 auteru
921 3152 1009 3239 quod
1026 3165 1091 3218 tam
1110 3152 1152 3217 de
1167 3174 1242 3217 con·

288 3255 358 3320 silio
373 3257 545 3342 religionis,
561 3279 657 3344 quam
681 3255 722 3320 de
744 3257 876 3344 proprio
890 3256 1091 3344 concepimus
1114 3256 1241 3344 spiritu,

290 3371 326 3424 ut
340 3381 448 3423 omues
460 3358 560 3424 malas
571 3358 816 3424 consuetudines
831 3381 904 3447 quae
914 3360 1030 3424 nostris
1042 3357 1241 3446 temporibus

288 3474 319 3524 et
334 3482 391 3546 per
411 3483 471 3525 nos
485 3473 567 3526 ortae
588 3475 663 3526 sunt
683 3461 716 3525 in
734 3462 1017 3548 archiepiscopatu,
1037 3462 1243 3528 emendemus

288 3573 360 3626 ante
374 3562 497 3627 exitum
515 3573 670 3626 nostrum.
708 3561 806 3626 Unde
820 3584 921 3647 quum
936 3561 969 3625 iu
984 3562 1134 3626 extremis
1148 3584 1242 3648 agere

290 3662 480 3740 videremur,
498 3664 639 3727 Domino
653 3664 801 3728 vovimus
820 3663 904 3728 inter
926 3673 1051 3744 coetera,
1064 3664 1152 3753 quod
1167 3686 1241 3730 cou-

289 3765 491 3830 suetudinem
514 3763 556 3829 de
578 3765 725 3830 secundis
739 3765 879 3844 auxiliis,
894 3789 991 3850 quam
1015 3766 1114 3833 frater
1136 3786 1243 3834 noster

289 3868 531 3933 archidiaconus
545 3867 682 3932 ecclesiis
706 3867 868 3955 imposuit,
883 3867 1129 3950 destrueremus,
1145 3883 1177 3937 et
1200 3871 1242 3936 ab

287 3992 323 4034 ea
338 3970 523 4036 relaxantes
545 3967 691 4033 ecclesias
712 3981 745 4033 et
768 3968 947 4046 liberantes,
963 3969 1022 4035 sub
1043 3971 1244 4038 anathemate

288 4072 526 4158 prohibuimus,
541 4091 581 4133 oe
596 4072 731 4134 ulterius
745 4069 787 4133 ab
801 4069 910 4156 aliquo
923 4070 1104 4155 exigantur.
1142 4072 1187 4136 Et
1204 4093 1244 4137 ne

286 4172 342 4239 hoc
355 4187 509 4240 nostrum
522 4171 722 4248 beneficium,
734 4184 792 4237 aut
807 4172 916 4258 potius
930 4171 1084 4255 debitum,
1095 4173 1127 4237 in
1140 4186 1244 4259 poste·

286 4299 352 4344 rum
368 4277 480 4343 valeat
496 4272 670 4348 infirmari;
701 4274 761 4340 hoc
776 4274 878 4362 ipsum
902 4273 1022 4361 scripto
1043 4290 1152 4339 nostro
1172 4296 1245 4337 coa-

285 4380 499 4448 firmavimus.
545 4377 599 4441 Tu
621 4398 763 4462 quoque,
778 4377 804 4441 si
820 4397 959 4462 praesens
976 4388 1100 4442 nostras
1114 4374 1247 4440 vidisses

741 4498 761 4542 a
775 4485 796 4542 2
