3034 5500
283 773 456 855 sson—8]
668 779 849 835 sersromn.
1194 784 1237 841 27

276 943 363 1008 ribus
378 957 412 1008 et
429 941 592 1007 aerumnis,
630 944 847 1005 Veruntamen
864 943 949 1026 quia,
967 952 1102 1027 urgente
1117 945 1236 1009 amoris

277 1045 350 1123 fide,
366 1069 430 1110 non
448 1066 620 1132 possumus
635 1063 692 1127 pro
707 1043 800 1107 vobis
816 1066 876 1108 uon
900 1068 966 1108 esse
982 1045 1120 1124 solliciti,
1136 1046 1236 1111 beati-

278 1149 381 1213 tudini
402 1163 531 1228 vestrm,
547 1167 646 1233 quam
670 1146 702 1208 in
723 1146 820 1230 longa
834 1165 866 1211 et
882 1141 985 1212 felicia
1001 1162 1144 1234 tempora
1162 1171 1236 1234 pro·

279 1250 388 1314 tendat
405 1253 578 1322 Dominus,
591 1247 818 1334 supplicamus,
832 1263 867 1313 ut
882 1271 939 1333 per
953 1253 1087 1313 latorem
1099 1272 1236 1336 prasen-

279 1352 358 1415 tium
382 1375 421 1415 ea
444 1375 519 1437 quae
541 1351 624 1413 circa
638 1372 694 1412 vos
710 1364 784 1412 sunt
808 1349 898 1413 nobis
921 1350 1099 1434 significare
1122 1351 1236 1435 digne·

278 1454 364 1518 mini.
418 1456 518 1519 Certo
543 1451 670 1536 quidem
701 1450 819 1515 certius
845 1464 905 1528 est,
930 1451 1020 1537 quod
1046 1453 1087 1516 ab
1113 1451 1235 1516 incolu-

280 1552 390 1616 mitate
404 1566 519 1632 vestra,
531 1574 593 1614 non
611 1550 705 1615 modo
721 1550 820 1614 totius
835 1552 956 1627 iusulae,
968 1574 1041 1638 quae
1052 1552 1143 1616 vobis
1153 1552 1238 1616 votis

282 1651 428 1718 felicibus
450 1652 583 1717 salutem
606 1664 766 1739 precatur,
781 1652 865 1716 salus
879 1652 1009 1738 pendet,
1025 1652 1081 1716 sed
1094 1656 1236 1716 omnium

280 1753 376 1818 etiam
391 1753 724 1838 circumjacentionum
740 1752 916 1816 nationum.

294 2067 512 2130 EPISTOLA
536 2070 735 2132 XXV.-sn
755 2087 944 2132 nrrsconuu
961 2086 1228 2140 nuunausnssu.

537 2217 585 2283 H.
603 2220 761 2302 Episcopo
777 2220 985 2283 Danelmrnsi.

324 2352 347 2412 J
352 2371 440 2415 uxra
456 2350 639 2415 relationem
656 2365 794 2417 vestram
812 2353 965 2418 habemus
979 2353 1065 2440 quod
1082 2353 1241 2439 possimus

282 2453 321 2517 de
348 2453 549 2518 fraternitate
575 2468 681 2518 vestra
705 2456 839 2532 causari,
864 2456 918 2541 qui
944 2479 983 2519 ex
1010 2455 1239 2520 constitutione

284 2578 445 2619 sacrorum
466 2577 635 2632 canonum,
650 2557 844 2644 coepiscopis
859 2558 1061 2623 denuntiasse
1081 2555 1241 2621 debuistis

279 2655 475 2740 flagitiosum
506 2657 606 2734 illum,
633 2682 727 2744 quem
758 2659 893 2746 epistola
920 2674 1023 2724 vestra
1060 2659 1153 2722 nobis
1184 2658 1240 2721 de·
1314 2711 1330 2733 ,

283 2759 400 2845 pinxit,
413 2760 454 2824 ab
468 2761 598 2825 ecclesia
615 2775 720 2826 vestra
735 2764 777 2827 ob
794 2764 873 2827 tanti
891 2763 1015 2827 sceleris
1029 2762 1240 2833 atrocitatem,

283 2862 486 2928 anathemate
511 2865 769 2930 condemnatum.
815 2866 882 2926 Nos
908 2877 1028 2937 autem,
1052 2861 1124 2923 licet
1149 2881 1243 2922 reue-

282 2963 394 3029 rabilis
408 2965 517 3029 fratris
540 2966 639 3030 nostri
656 2961 869 3030 Eboracensis
884 2960 1111 3047 archiepiscopi
1128 2960 1243 3026 litteris

283 3064 385 3129 fretus
407 3062 515 3143 fuerit,
529 3079 562 3130 et
585 3088 643 3152 pro
665 3089 703 3129 eo
728 3064 822 3129 multi
845 3077 877 3129 et
900 3063 1007 3147 magni
1027 3061 1098 3139 viri,
1114 3059 1241 3147 culpam

284 3179 341 3231 aut
358 3170 489 3231 omnino
504 3168 685 3245 reticentes,
697 3182 753 3232 aut
770 3166 948 3231 minuentes
963 3164 1241 3250 supplicaverunt:

286 3267 315 3330 ci
327 3290 432 3353 neque
441 3269 693 3333 communionem
704 3268 902 3345 indulsimus,
914 3291 970 3331 nec
982 3265 1104 3331 itineris
1114 3288 1242 3353 poenam

287 3370 480 3445 remisimus,
493 3368 548 3433 sed
562 3381 685 3434 tantum
700 3373 870 3433 terminum
887 3367 1129 3456 prorogavimus
1141 3392 1244 3455 usque

285 3470 327 3534 ad
352 3470 578 3535 exaltationem
604 3485 721 3535 sanctae
742 3471 855 3548 crucis,
877 3471 957 3536 nihil
982 3493 1188 3557 eorumquae
1214 3474 1244 3537 ei

286 3573 431 3658 injuncta
456 3573 599 3647 l'ueruut,
616 3572 648 3636 in
672 3573 780 3660 aliquo
802 3574 1017 3639 immutantes.
1063 3574 1146 3650 Quia
1168 3596 1245 3658 ergo

289 3674 410 3739 malitia
437 3695 496 3738 sua
523 3688 578 3739 aut
606 3673 727 3739 fallacia
753 3675 783 3737 ei
808 3675 933 3740 lucrosa
957 3699 1024 3739 esse
1050 3698 1111 3740 non
1138 3675 1246 3752 debet,

288 3776 424 3840 eundem
440 3776 633 3841 fraternitati
652 3790 766 3842 vestrae
776 3778 874 3862 juxta
888 3777 1054 3841 canonicos
1069 3778 1245 3842 sanctiones

289 3877 495 3943 tractandum
527 3877 746 3964 relinquimus,
777 3879 965 3945 mandantes
995 3894 1032 3944 ut
1063 3902 1122 3966 pro
1152 3879 1248 3943 modo

289 3980 395 4065 culpoe
421 3980 502 4044 tanti
526 3979 651 4065 flagitii,
668 3981 768 4046 scelus
790 4004 827 4045 ea
850 3983 1018 4045 severitate
1042 3981 1195 4069 puniatis,
1210 3994 1247 4047 ut

291 4080 445 4147 delictum
469 4084 539 4169 ejus
562 4097 691 4149 auctore
707 4086 847 4148 Domino
868 4108 926 4172 per
948 4087 1168 4172 poenitentiam
1193 4086 1249 4149 de·

293 4185 408 4262 leatur,
424 4200 456 4250 ct
481 4185 589 4252 caeteri
606 4189 653 4251 vel
680 4189 804 4253 timoris
817 4204 904 4254 metu
929 4213 947 4253 a
972 4190 1128 4254 similibus
1153 4203 1250 4251 terre-

292 4305 400 4354 antur.
447 4292 517 4353 Nos
539 4292 621 4352 enim
644 4313 701 4375 per
723 4291 969 4356 misericordiam
992 4291 1122 4356 Domini
1146 4289 1250 4351 crimi-

294 4413 372 4455 num
394 4391 522 4476 patroni
545 4412 611 4455 esse
633 4392 804 4467 noluimus,
821 4393 874 4456 sed
901 4398 1029 4468 ultores,
1045 4403 1171 4474 gratum
1195 4389 1250 4452 ha-
