3034 5500
290 745 350 803 124
545 748 679 795 Joxsxrs
696 744 975 792 sannsnrnrnnsrs
1142 726 1186 806 [x
1203 745 1228 789 n

285 904 376 968 licam
400 902 525 966 evolant
550 903 757 986 majestatem.
815 896 897 959 Inde
926 907 974 958 est
1004 893 1096 980 quod
1125 895 1230 960 seriem

284 1007 506 1070 controversiae
520 1026 594 1088 quae
608 1005 691 1067 inter
702 998 877 1064 Ricardum
890 997 932 1060 de
944 997 1078 1061 Anestia
1088 1010 1121 1060 et
1133 998 1232 1061 Mabi-

283 1108 357 1171 liam
373 1106 414 1171 de
429 1103 648 1171 Franchevilla
667 1102 792 1166 diutius
811 1100 842 1163 in
864 1099 1025 1162 auditorio
1039 1112 1150 1163 nostro
1165 1121 1231 1162 ven

284 1207 375 1274 tilata
396 1222 456 1285 est,
478 1209 519 1271 ad
546 1206 692 1270 notitiam
712 1217 849 1268 vestram
879 1200 1054 1265 transferre
1077 1223 1231 1277 curamus,

282 1322 380 1394 prout
402 1323 598 1394 emergentes
619 1304 744 1370 articuli
767 1305 872 1390 colligi
894 1313 1083 1389 potnerunt
1130 1304 1231 1380 Quum

282 1413 393 1498 itaque
413 1413 480 1498 jam
507 1411 613 1473 dictus
638 1406 808 1485 Ricardus‚
833 1421 991 1491 cognatus
1014 1404 1173 1469 Willelmi
1196 1406 1232 1469 de

286 1513 458 1577 Saccavilla
469 1527 500 1577 et
511 1534 618 1597 nepos,
629 1511 710 1574 sicut
720 1508 835 1573 sororis
845 1508 947 1571 lilium
961 1506 1079 1591 vulgus
1091 1519 1231 1593 nepotem

282 1613 388 1679 dicere
424 1614 598 1687 consuevit,
629 1611 814 1699 petitionem
846 1608 1045 1674 haereditatis
1074 1609 1116 1672 ad
1154 1609 1231 1672 bona

286 1715 437 1780 avunculi
466 1714 639 1779 obtinenda
667 1713 858 1786 institueret,
890 1725 1068 1775 memorata
1104 1711 1233 1776 Mobilis

286 1817 352 1881 filia
367 1816 522 1881 Willelmi
543 1839 575 1879 se
596 1814 641 1879 illi
657 1814 688 1878 in
705 1814 775 1876 foro
795 1812 982 1877 secularium
1002 1811 1167 1898 judicum,
1182 1813 1233 1876 ubi

286 1941 336 1982 res
361 1919 563 1992 actitabatur,
589 1919 749 2003 opposuit,
775 1938 915 1979 asserens
944 1914 1044 1977 filiam
1070 1915 1180 2001 nepoti
1204 1915 1232 1978 in

285 2034 417 2105 paterna
441 2020 626 2085 haereditate
648 2017 890 2105 praeferendam.
943 2016 1104 2082 Ricardus
1120 2041 1194 2081 vero
1206 2018 1232 2080 ei

286 2120 364 2183 nihil
382 2122 466 2206 juris
481 2120 673 2185 haereditarii
694 2135 872 2206 competere
894 2118 1072 2204 respondit,
1087 2143 1128 2182 eo
1149 2119 1232 2206 quod

284 2242 347 2283 non
362 2233 441 2285 esset
457 2244 497 2284 ex
512 2220 654 2304 legitimo
676 2234 824 2305 suscepta
843 2219 1059 2298 matrimonio,
1076 2219 1132 2284 sed
1147 2219 1233 2284 adul·

285 2321 386 2384 terino
400 2335 566 2407 procreata
581 2324 762 2407 complexu.
795 2323 902 2398 Quum
918 2322 1027 2408 itaque
1042 2322 1233 2387 matrimonii

283 2422 420 2507 quoestio
450 2435 638 2499 verteretur,
669 2424 757 2509 quod
791 2423 832 2486 de
862 2422 982 2508 regulis
1019 2423 1233 2489 ecclesiasticis

283 2523 463 2588 infirmatur
491 2538 547 2588 aut
574 2525 774 2604 convalescit,
798 2523 939 2588 decrevit
968 2525 1060 2589 curia
1088 2527 1232 2591 catholici

282 2626 434 2710 principis
449 2625 635 2689 serenissimi
651 2628 734 2710 regis
749 2625 926 2711 Anglorum
942 2628 1078 2691 chrici
1094 2628 1232 2706 secundi,

285 2738 322 2792 ut
347 2726 389 2792 ad
413 2752 544 2793 examen
566 2727 810 2793 ecclesiasticum
835 2752 931 2793 causa
956 2729 1090 2807 rediret,
1113 2730 1169 2796 ubi
1194 2730 1231 2795 de

280 2831 356 2916 jure
384 2853 552 2909 canonum,
579 2853 660 2916 quos
688 2829 792 2895 clerus
821 2832 923 2911 novit,
949 2832 1069 2919 vulgus
1097 2833 1229 2919 ignorat,

282 2935 420 3016 quaestio
440 2932 629 2997 matrimonii
652 2933 745 2995 finem
769 2932 911 2997 debitum
935 2933 1116 3000 sortiretur.
1160 2938 1231 2999 Par·

285 3031 373 3096 tibus
397 3056 474 3118 ergo
503 3034 587 3096 diem
611 3057 650 3096 ex
681 3032 769 3118 regio
794 3033 944 3098 mandato
969 3034 1177 3121 praefiximus,
1201 3048 1231 3099 et

282 3132 409 3196 tandem
427 3147 497 3218 post
518 3134 685 3198 dilationes
706 3158 788 3219 quas
809 3135 943 3199 Mabilia
958 3160 999 3200 ex
1014 3138 1112 3201 variis
1130 3136 1230 3203 causis

280 3231 433 3305 obtinuit,
449 3234 634 3317 petitionem
651 3257 740 3300 suam
761 3236 919 3302 Ricardus
933 3238 1138 3303 instauravit.
1184 3237 1229 3303 Ut

281 3341 386 3395 autem
410 3332 566 3419 liquidius
590 3359 717 3400 causam
745 3361 834 3401 suam
864 3351 1034 3418 astrueret,
1061 3352 1095 3404 et
1121 3340 1230 3404 adver·

281 3433 393 3498 sariam
431 3435 573 3521 spuriam
616 3461 684 3502 esse
725 3438 865 3518 doceret,
902 3443 1101 3507 avunculum
1139 3465 1230 3507 suum

284 3535 480 3600 Willelmum
496 3561 569 3602 cum
585 3540 724 3625 quadarn
736 3542 881 3606 Albreda
896 3545 936 3608 de
948 3547 1112 3630 Tresgoro
1127 3548 1231 3610 matri-

279 3637 420 3702 monium
443 3642 637 3704 contraxisse
665 3647 810 3720 asseruit
835 3659 867 3710 et
893 3646 1009 3711 exinde
1037 3648 1094 3712 illa
1121 3662 1230 3712 contra

280 3739 375 3804 fidem
404 3742 544 3827 conjugii
574 3742 735 3821 derelicta,
765 3746 895 3811 duxisse
925 3748 1103 3813 Adelitiam
1132 3750 1227 3815 filiam

280 3842 422 3908 Amfridi
452 3844 657 3926 vicecomitis,
686 3862 718 3911 et
748 3871 788 3911 ex
818 3873 856 3912 ea
891 3851 1059 3915 Mabiliam
1090 3866 1122 3917 et
1152 3853 1229 3917 alios

279 3943 394 4008 liberos
420 3968 482 4009 non
511 3946 670 4032 legitimos
695 3950 879 4037 suscepisse.
929 3954 1106 4019 Asserebat
1136 3954 1226 4018 etiam

280 4046 367 4131 quod
387 4070 487 4132 quum
505 4049 689 4114 Willelmus
705 4052 886 4117 Adeletiam
903 4054 1156 4140 superduxisset,
1172 4056 1228 4119 Al·

278 4146 388 4219 breda,
405 4173 499 4234 quam
523 4152 738 4234 praeduxerat,
755 4152 787 4215 in
810 4153 888 4239 ipsis
909 4156 1035 4240 nuptiis
1051 4180 1111 4244 pro
1126 4180 1159 4222 se
1176 4159 1229 4243 jus

280 4247 411 4313 foederis
447 4252 624 4338 conjugalis
661 4269 835 4340 protestata
872 4267 905 4321 et
940 4261 1133 4325 auctoritate
1169 4264 1227 4326 Ec·

278 4350 450 4416 clesiastica
465 4355 609 4420 inhibens
624 4380 663 4421 ne
679 4360 860 4444 superdicta
876 4362 906 4426 in
924 4361 1028 4427 mariti
1044 4364 1091 4430 sui
1104 4364 1226 4430 illicitos
