3034 5500
268 764 333 822 202
533 773 669 820 scaurus
684 770 963 817 sanesnarunssrs
1134 756 1176 839 [a.
1192 778 1222 821 n.

266 927 340 989 data
361 924 510 988 inducias
531 946 631 1008 usque
654 923 695 986 ad
719 923 836 988 festum
858 926 893 989 S.
916 925 1118 1002 Michaelis3
1140 938 1222 1004 tnnc,

266 1028 328 1090 nisi
340 1026 489 1090 dominus
499 1048 585 1110 papa
595 1026 722 1089 interim
734 1027 857 1089 venerit
869 1041 901 1089 et
913 1028 1113 1105 subvenerit,
1121 1050 1225 1114 recep·

268 1129 329 1191 turi
341 1127 527 1191 Gnidonem
541 1127 759 1204 Cremensem,
772 1139 804 1190 et
817 1127 850 1189 in
863 1130 962 1191 rerba
977 1129 1224 1194 Teutonicomn

261 1231 408 1315 juraturi.
451 1231 497 1293 Et
521 1250 562 1293 ne
589 1227 711 1311 aliquid
736 1229 933 1307 subtraham,
956 1240 1108 1294 assenmt
1122 1234 1224 1296 nescio

266 1354 346 1417 quas
367 1332 587 1416 prophetissas
607 1329 806 1393 Teutonicas
829 1332 1024 1395 vaticinatas
1045 1355 1130 1412 esse,
1144 1334 1222 1397 unde

265 1437 350 1498 furor
375 1433 628 1497 Teutonicorum
655 1441 764 1514 potest
793 1433 931 1515 amplius
963 1434 1170 1510 inflammari,
1193 1448 1221 1500 et

264 1537 349 1601 unde
366 1535 560 1600 schismatici
576 1534 765 1596 animantur.
799 1534 865 1597 Sed
881 1536 1030 1618 profecto
1046 1546 1164 1621 potens
1177 1549 1221 1602 est

265 1641 358 1702 Deus
390 1649 552 1701 conterere
587 1636 770 1718 superbiam
804 1637 917 1711 Moab,
948 1637 1044 1701 valde
1078 1638 1222 1703 adversus

267 1742 444 1805 Dominum
460 1739 683 1824 superbientis.
713 1739 758 1801 Et
774 1739 956 1819 arrogantia
972 1740 1045 1824 ejus
1061 1742 1165 1826 major
1179 1753 1223 1805 est

266 1865 363 1926 quam
382 1840 546 1905 fortitudo.
581 1837 676 1901 Unde
699 1837 732 1899 in
754 1848 843 1901 tanto
865 1859 972 1901 rerum
998 1844 1129 1906 turbine
1149 1843 1222 1905 nihil

266 1944 428 2008 salubrius
450 1943 593 2018 arbitror,
609 1958 706 2022 quam
722 1951 758 2002 ut
777 1941 1004 2022 confugiamus
1019 1943 1063 2006 ad
1086 1946 1219 2008 clemen·

264 2046 340 2108 tiam
354 2044 485 2118 Christi,
498 2043 551 2125 qui
564 2042 623 2104 etsi
635 2042 748 2104 iterum
761 2038 968 2124 crucifigitur,
977 2066 1045 2107 non
1058 2045 1220 2123 occiditm,

264 2145 321 2208 sed
348 2143 557 2207 crucifixores
588 2164 663 2204 suos
690 2145 724 2205 in
751 2145 905 2206 ultionem
932 2146 1106 2210 Columbae
1134 2148 1221 2212 faciet

264 2244 411 2308 acerbius
427 2243 583 2324 crucifigi.
624 2244 670 2306 Et
684 2243 753 2327 jam
770 2245 931 2326 crucifigit
950 2269 1011 2329 pro
1031 2262 1135 2332 parte,
1150 2269 1220 2313 con·

263 2366 381 2410 vocans
411 2345 563 2408 adversus
595 2366 651 2407 cos
681 2356 805 2428 pestem
835 2358 869 2410 ct
896 2349 1054 2429 gladium,
1084 2362 1117 2414 et
1144 2352 1218 2414 alios

261 2451 395 2531 angelos
414 2470 500 2523 suos,
520 2469 577 2532 per
599 2469 682 2532 quos
704 2450 877 2528 gloriosius
900 2453 995 2534 punit
1019 2464 1132 2516 contm
1151 2475 1218 2517 eum

262 2552 440 2615 immaniter
470 2552 653 2632 gloriantes.
706 2550 740 2613 Si
778 2551 871 2614 vobis
906 2551 1070 2617 adfuerint
1105 2567 1218 2620 sancte

265 2653 503 2718 Cantuariensis
532 2654 678 2717 ecclesie
704 2654 842 2736 patroni,
870 2676 1006 2736 qnorum
1039 2659 1217 2722 memoriam

263 2757 374 2821 haberi
383 2757 505 2842 jugiter
519 2755 663 2840 expedit,
679 2758 751 2819 Deo
766 2770 907 2835 auctore,
922 2758 1044 2822 utiliter
1060 2760 1217 2824 sedabitur

262 2859 333 2923 haec
344 2860 496 2942 procella,
507 2867 540 2920 et
553 2879 613 2920 nos
624 2858 756 2921 feliciter
768 2857 809 2920 ad
822 2869 966 2942 optatum
978 2863 1216 2943 enavigabimus

262 2971 401 3043 portum.
440 2959 510 3023 Nec
526 2957 639 3022 diffido
656 2955 733 3041 quin
748 2980 805 3022 eos
819 2960 995 3024 habeamus
1010 2964 1215 3047 propitiosa

262 3065 463 3143 posuerimus
492 3060 589 3125 corda
612 3071 720 3124 nostra
743 3081 841 3143 super
864 3061 933 3125 vias
956 3079 1096 3141 nostras,
1121 3077 1152 3128 et
1175 3066 1215 3127 ita

261 3167 374 3229 versati
390 3167 542 3229 fuerimus
557 3165 592 3227 in
604 3162 758 3228 exercitio
774 3166 854 3246 legis
870 3166 1010 3244 Divinae,
1020 3180 1056 3231 ut
1071 3191 1141 3233 eam
1156 3190 1216 3231 non

260 3267 365 3329 minus
385 3266 569 3329 studeamus
592 3267 706 3344 facere,
722 3288 817 3350 quam
839 3268 961 3332 audire.
1008 3272 1096 3335 Nam
1118 3284 1154 3335 ut
1173 3273 1214 3335 ait

261 3365 398 3450 Sapiens
413 3368 564 3450 quidam:
596 3366 717 3430 Rerum
728 3369 927 3450 eaperientiu
943 3377 990 3433 ert
1001 3374 1157 3454 maqisrra
1168 3374 1213 3436 ia-

260 3467 454 3550 telligentiae.
493 3472 616 3533 Valete.

355 3623 578 3688 EPISTOLA
601 3623 809 3686 CXLl.—an
824 3642 1117 3692 claramontensi

498 3743 726 3790 excursusnu.
754 3725 834 3805 [an.
853 3728 963 3808 1165]

560 3844 699 3907 Domino
714 3844 910 3907 Enonierrsi.

302 3968 389 4030 Posn
405 3985 565 4027 recessum
581 3962 702 4026 domiui
719 3984 812 4046 papa*
827 3964 917 4026 nulla
932 3965 1018 4046 apud
1035 3987 1096 4027 nos
1109 3966 1203 4027 relatu

257 4068 356 4147 digua
362 4076 570 4141 emerserunt,
582 4086 641 4127 nec
652 4063 693 4129 de
706 4066 1000 4147 curiaimperatoris
1007 4066 1132 4150 aliquid
1144 4086 1206 4129 cer·

256 4179 323 4230 tum
350 4179 409 4239 est,
435 4166 573 4248 ideoque
600 4167 639 4227 ab
667 4184 774 4228 eorum
802 4186 873 4247 qum
897 4165 1039 4247 publicae
1065 4166 1207 4230 dicuntur

255 4271 406 4334 relatione
424 4266 555 4346 desisto,
571 4280 602 4329 ct
617 4267 755 4351 propriis
771 4268 925 4331 incumbo
941 4268 1092 4348 negotiis.
1136 4266 1206 4329 Pro·

256 4374 342 4438 misit
363 4371 440 4435 mihi
464 4369 586 4432 Pictas.
602 4368 734 4442 archid,
751 4382 785 4432 ut
801 4380 874 4432 ante
891 4368 959 4451 jam
983 4370 1109 4452 scripsi,
1125 4364 1206 4454 quod
