3034 5500
286 775 395 855 lltt6.]
667 793 845 837 nrrsroun.
1171 781 1234 838 285

281 944 365 1007 sicut
381 944 493 1027 accepi
515 964 571 1026 pro
591 955 688 1020 certo,
704 955 874 1028 postquam
896 945 1016 1026 priores
1036 946 1155 1008 litteras
1177 968 1233 1009 ex·

283 1067 454 1120 araveram,
485 1047 518 1107 in
548 1066 681 1108 accessu
716 1046 920 1126 Filgeriarum
955 1067 1049 1126 grave
1082 1046 1234 1111 damnum

282 1167 454 1230 perpessus
472 1157 530 1224 est,
546 1145 633 1228 quod
654 1144 759 1208 adhuc
782 1145 949 1228 deplorant
963 1145 1050 1229 apud
1065 1168 1125 1210 nos
1139 1150 1234 1212 amici

283 1249 490 1325 Francorum,
506 1268 639 1330 quorum
656 1245 784 1329 quidam
801 1248 888 1328 capti
903 1259 986 1324 sunt,
997 1249 1050 1310 alii
1066 1251 1234 1327 vulnerati,

283 1347 358 1411 dum
371 1371 485 1431 purum
502 1349 645 1410 sitientes
656 1358 830 1426 argentum,
841 1348 1027 1410 nitebantur
1038 1351 1158 1413 strenui
1170 1373 1234 1433 prae

282 1451 406 1512 caeteris
421 1471 584 1532 apparere.

327 1551 498 1614 Audieram
514 1552 583 1614 haec
601 1552 688 1635 prius
704 1552 736 1612 in
760 1552 847 1613 curia
863 1552 1126 1615 Christianissimi
1150 1555 1233 1633 regis

285 1653 489 1728 Francorum,
514 1654 601 1737 apud
629 1652 821 1716 Laudunum
845 1653 977 1714 honeste
1002 1663 1034 1714 et
1058 1665 1235 1717 reverenter

283 1761 452 1833 susceptus
468 1753 507 1814 ab
525 1774 581 1814 eo:
606 1751 744 1814 sednon
765 1752 857 1813 facile
879 1751 1080 1831 rumigerulis
1100 1752 1233 1826 credidi,

284 1852 360 1914 licet
370 1853 602 1935 aliquantulum
610 1849 705 1914 iidem
713 1854 830 1914 faceret
839 1852 1007 1929 dubitanti,
1019 1854 1105 1936 quod
1116 1853 1233 1917 Comes

285 1954 444 2016 Robertus
460 1954 617 2017 tristitiam
634 1954 709 2017 inde
733 1964 924 2037 conceptam
948 1952 1145 2018 dissimulare
1169 1979 1232 2019 non

284 2065 416 2136 poterat.
463 2055 584 2117 Dicunt
604 2055 698 2117 etiam
722 2055 809 2137 quod
829 2054 967 2117 famelici
988 2067 1123 2129 saturos,
1139 2070 1170 2119 et
1185 2058 1232 2119 in·

248 2212 250 2216 .
282 2177 361 2239 opes
373 2155 522 2238 copiosos
538 2177 638 2219 rerum
656 2158 799 2219 omnium
814 2156 964 2219 obsident
974 2157 1094 2235 hostes,
1103 2170 1134 2220 et
1146 2158 1233 2241 quod

282 2259 432 2320 obsessus
447 2252 613 2319 obsidente
629 2258 724 2338 longe
740 2257 880 2319 securior
891 2268 948 2319 est.
971 2257 1128 2320 Radulsus
1138 2261 1234 2336 euim,

282 2372 317 2421 ut
331 2358 514 2441 perhibent,
531 2370 672 2421 castrum
687 2379 781 2420 suurn
799 2358 920 2440 optime
935 2361 1147 2442 premunivit,
1163 2384 1231 2425 ras·

282 2461 425 2543 trivitque
440 2459 594 2543 quicquid
610 2461 828 2522 alimentorum
845 2460 878 2520 in
895 2460 1029 2522 circuitu
1049 2483 1106 2524 suo
1129 2464 1234 2545 potuit

282 2562 427 2639 inveniri,
439 2583 498 2624 nec
517 2561 558 2623 ad
574 2561 741 2623 remotiora
756 2559 825 2621 sine
840 2561 965 2640 magnis
981 2563 1084 2644 copiis
1099 2585 1230 2645 praeam-

281 2661 459 2725 bulantium
476 2661 625 2744 progredi
640 2662 725 2737 licet,
740 2680 779 2722 eo
794 2659 881 2741 quod
897 2660 1158 2724 electissimorum
1173 2663 1232 2725 mi·

280 2765 372 2828 litum
382 2763 542 2828 Radulsus
556 2775 750 2826 memoratus
766 2764 891 2845 copiam
904 2763 1036 2839 habens,
1045 2765 1111 2826 vias
1122 2786 1232 2827 comm

280 2867 472 2930 acutissimis
502 2866 587 2949 sepit
617 2866 727 2949 spinis,
750 2877 782 2928 et
811 2866 931 2929 aculeis
960 2877 1050 2946 urget
1073 2887 1175 2950 equos
1197 2879 1233 2929 ut

280 2965 397 3029 cadant
412 2986 599 3028 ascensores
614 2984 722 3027 eorum
739 2973 832 3036 retro,
845 2977 876 3026 et
891 2964 1110 3027 inexercitum
1126 2965 1231 3048 ipsum

278 3069 416 3142 crebras,
442 3079 477 3128 nt
506 3068 693 3147 loquuntur,
715 3066 792 3127 facit
816 3065 1018 3146 irruptiones.
1065 3066 1232 3149 Adjiciunt

280 3166 366 3250 qnod
381 3166 610 3248 potentissimis
623 3166 797 3228 Britannice
813 3167 1009 3248 proceribus,
1020 3179 1160 3250 excepto
1176 3190 1231 3232 co-

278 3269 354 3330 mite
366 3265 516 3343 Eudone,
528 3264 754 3330 confederatus
769 3280 818 3329 est
829 3267 946 3330 soedere
963 3278 1082 3331 mutuo.
1114 3271 1230 3334 Nonne

278 3370 322 3432 sic
340 3369 425 3432 ferus
447 3370 627 3451 singularis,
644 3380 699 3431 aut
722 3369 871 3450 singulari
895 3371 1061 3453 proximus
1076 3394 1163 3454 aper,
1174 3372 1230 3456 qui

279 3469 460 3553 depascitur
490 3486 521 3533 et
556 3471 726 3532 conculcat
756 3471 881 3533 vineam
913 3473 1057 3549 Domini,
1087 3474 1230 3538 cohiberi

278 3572 396 3654 poterit
407 3582 439 3632 et
449 3570 627 3634 infraenari?
654 3573 727 3650 Ego
739 3571 869 3654 quidem
882 3572 927 3635 sic
943 3574 1030 3637 illam
1043 3575 1232 3657 interpretor

277 3672 487 3754 prophetiam,
505 3683 683 3755 expectans
703 3683 738 3734 ut
753 3675 872 3755 Aquila
893 3695 1096 3759 quacumque
1119 3678 1230 3738 subor-

278 3774 406 3836 natione
423 3773 703 3836 incommoditates
718 3775 795 3837 istas
807 3777 950 3837 inauret:
967 3777 1027 3838 nisi
1038 3777 1116 3838 sorte
1131 3778 1229 3838 Alex·

278 3875 379 3938 under
402 3887 510 3938 noster
533 3876 663 3938 hierlini
691 3889 855 3956 cognatus,
878 3891 910 3940 et
935 3880 1134 3941 oraculorum
1161 3879 1230 3962 ejus

277 3976 434 4059 interpres
450 3976 635 4060 prudentior
651 3977 737 4038 aliud
760 3979 884 4039 sentiat.
931 3981 982 4040 De
997 3980 1048 4041 his
1063 3979 1229 4043 hactenus.

277 4077 328 4137 De
343 4092 458 4140 caetero
480 4089 660 4161 pergratum
685 4078 762 4140 mihi
786 4079 934 4153 feceritis,
950 4081 976 4140 si
997 4080 1128 4144 domino
1147 4084 1229 4162 liug-

278 4177 427 4253 dunensi,
453 4200 548 4260 quem
575 4178 660 4259 apud
687 4200 743 4240 ros
770 4200 839 4240 esse
865 4178 973 4254 audio,
997 4191 1030 4241 et
1059 4182 1229 4262 plurimum

278 4276 386 4338 videre
404 4276 561 4353 desidero,
572 4279 702 4340 nomine
718 4300 789 4340 meo
806 4279 926 4341 fueritis
942 4279 1099 4357 gratulati,
1111 4293 1143 4340 ct
1157 4300 1228 4359 qnae

276 4377 362 4438 circa
379 4399 432 4438 ros
449 4376 616 4459 diligenter
631 4378 867 4458 rescripseritis.
