3034 5500
419 778 482 836 806
677 787 813 832 scaurus
829 785 1111 833 saasssssrsusrs
1288 770 1374 849 [an.

421 941 572 1027 pendium
587 941 679 1023 legis,
693 940 821 1003 undem
838 937 988 1016 inferant,
1005 941 1095 1003 Reae
1109 948 1159 1005 est
1172 945 1298 1021 mortis,
1306 965 1373 1006 cra-

418 1041 523 1124 eifiqe,
538 1044 692 1123 meemfipe
704 1063 790 1121 eum,
805 1061 910 1125 neque
924 1038 1015 1103 nodis
1029 1044 1201 1105 reservetis
1215 1045 1313 1121 lunc,
1325 1044 1376 1105 aed

419 1143 628 1207 Burrobum!

461 1246 552 1308 Ecce
582 1265 678 1327 quam
707 1244 843 1306 salutem
873 1244 955 1325 patri
985 1241 1183 1321 desiderant,
1210 1265 1277 1326 qua
1302 1242 1373 1306 fidei

418 1347 588 1409 dovotione
607 1344 746 1407 debitam
770 1343 949 1427 adimplent
969 1343 1285 1428 obedientiamque
1306 1344 1372 1406 dili·

420 1447 528 1529 gentia
549 1467 662 1531 pacem
683 1446 767 1508 inter
791 1466 926 1526 regnum
947 1455 981 1509 et
1005 1444 1223 1508 sacerdotium
1245 1446 1372 1528 cupiunt

420 1550 592 1613 reformari.
629 1549 675 1611 Et
690 1547 820 1632 quidem
835 1548 904 1612 haec
921 1558 986 1611 tam
1001 1547 1105 1625 vobis,
1117 1568 1216 1630 quam
1230 1548 1375 1610 omnibus

422 1672 551 1715 causam
567 1661 598 1714 et
616 1650 780 1715 historiam
799 1648 1042 1732 proscriptionis
1056 1659 1179 1711 nostres
1200 1649 1373 1729 intelligen-

422 1754 511 1815 tibus
525 1752 613 1815 dicta
627 1773 697 1816 esse
712 1772 779 1814 non
794 1750 907 1815 dubito
921 1771 964 1813 ex
982 1749 1174 1825 abundanti,
1190 1750 1249 1814 sed
1269 1751 1375 1833 impie·

422 1854 498 1916 tatis
535 1865 567 1916 et
604 1852 681 1929 doli,
710 1851 917 1935 impudentia
955 1863 988 1914 et
1025 1851 1176 1916 salsitatis
1213 1851 1374 1915 attendens

422 1956 598 2031 cumulum,
612 1953 755 2037 profecto
776 1974 838 2018 neo
861 1954 1000 2016 animum
1019 1974 1080 2017 nec
1103 1955 1265 2018 calamum
1287 1954 1372 2037 potui

423 2053 603 2115 continere:
627 2073 700 2114 nam
717 2064 761 2129 et,

561 2167 590 2216 Si
600 2171 694 2217 natura
705 2171 796 2232 negat,
808 2165 871 2218 facit
881 2166 1027 2234 indignatio
1038 2165 1156 2230 verbum,

421 2268 570 2332 adversus
584 2269 739 2332 molitiem
756 2279 789 2332 et
803 2270 1034 2353 impudentiam
1048 2292 1172 2349 eorum,
1188 2292 1323 2355 qnorum

559 2376 647 2429 Omne
658 2377 686 2428 in
698 2377 826 2449 praecipiti
837 2379 931 2430 vitium
941 2378 1024 2441 aaut,

420 2493 455 2544 ut
480 2482 629 2566 nequitiae
656 2503 767 2546 eorum
797 2483 850 2546 vix
880 2483 1004 2567 aliquid
1033 2482 1137 2566 possit
1166 2484 1296 2563 addere,
1321 2499 1372 2550 aut

419 2582 515 2646 etiam
545 2585 742 2665 excogitare,
773 2583 949 2667 quamlibet
984 2582 1122 2660 subtilis,
1153 2593 1187 2647 et
1221 2585 1255 2647 io
1285 2589 1373 2651 malis

418 2684 619 2750 inveniendis
657 2697 769 2768 arguta
806 2685 983 2770 posteritas.
1043 2686 1111 2751 Sed
1151 2688 1231 2772 quid
1262 2689 1297 2752 in
1324 2689 1373 2753 his

419 2786 545 2853 moror?
579 2788 749 2851 Retribuat
774 2785 821 2850 eis
846 2788 949 2865 Deus,
973 2799 1006 2852 et
1033 2790 1142 2872 plane,
1168 2791 1234 2853 nisi
1261 2792 1373 2855 veritas

419 2890 500 2974 ipsa,
517 2888 604 2974 quud
625 2888 779 2971 possibile
802 2898 861 2965 est,
875 2899 1014 2953 vertatur
1036 2890 1070 2953 in
1088 2887 1274 2970 salsitatem,
1288 2893 1371 2956 retri-

418 2992 495 3054 buet
510 2988 711 3054 abundanter
728 2988 922 3053 facientibus
942 3001 976 3053 et
990 2989 1173 3057 foventibus
1195 2995 1372 3078 nequitiam

416 3087 521 3154 istam.
567 3088 634 3152 Vos
662 3097 781 3163 autem,
806 3099 841 3152 ut
870 3090 948 3153 mihi
978 3086 1081 3153 visum
1109 3104 1170 3171 est,
1198 3094 1314 3156 litteris
1342 3102 1372 3156 et

418 3191 548 3254 malitia
559 3210 670 3253 eorum
685 3189 941 3273 prudentissime,
951 3203 984 3255 et
995 3193 1232 3273 elegantissime
1242 3215 1369 3278 respon-

417 3290 520 3369 distis,
532 3300 566 3354 et
578 3292 718 3373 argutias
729 3312 839 3355 eorum
851 3291 906 3357 diu
919 3294 1127 3375 excogitatas,
1140 3304 1173 3357 et
1183 3296 1369 3372 elaboratas,

417 3394 505 3455 velut
534 3414 720 3457 aranearum
751 3394 937 3473 cassiculos,
962 3395 1169 3459 validissimis
1196 3397 1370 3460 rationibus

417 3492 618 3557 dissolvistis.
664 3496 710 3557 Et
731 3496 810 3559 licet
832 3495 1059 3577 grandiuscula
1074 3497 1117 3560 sit
1138 3498 1285 3581 epistola,
1299 3518 1369 3579 quae

416 3603 522 3659 tamen
547 3596 729 3658 necessaria
749 3599 820 3660 sola
838 3596 1018 3682 exequitur,
1039 3599 1155 3662 vellem
1178 3609 1286 3663 tamen
1307 3597 1367 3660 hoc

417 3695 504 3760 eirea
529 3715 628 3759 unum
657 3695 837 3771 articulum,
862 3698 918 3779 qui
948 3708 1097 3761 etseras
1124 3707 1159 3762 et
1187 3710 1285 3762 notus
1312 3710 1367 3775 est,

415 3795 600 3878 diligentius
614 3795 766 3860 institisse
778 3819 788 3872 ;
818 3795 952 3874 seilicet,
968 3805 1004 3859 ut
1018 3796 1233 3861 ostenderetis
1247 3799 1366 3883 patien-

414 3896 505 3972 tiam,
517 3917 612 3979 quam
628 3895 684 3959 diu
695 3896 728 3958 iu
742 3896 869 3959 silentio
884 3895 1052 3973 habuistis,
1063 3907 1096 3959 et
1110 3897 1368 3974 sollicitudinem,

414 4018 512 4079 quam
541 3999 615 4081 paci
644 3997 852 4061 reformande
882 3997 1087 4075 adhibuistis,
1116 4019 1226 4081 regem
1255 4001 1369 4084 sepius

415 4117 488 4159 cum
504 4100 591 4160 omni
603 4098 782 4163 humilitate
792 4099 976 4163 revocando
991 4119 1049 4181 per
1061 4097 1186 4161 litteras
1199 4111 1234 4163 et
1243 4102 1368 4164 nuntios

414 4198 535 4261 domiui
550 4222 653 4284 pepo,
666 4221 724 4284 per
738 4212 869 4279 vestros,
880 4221 938 4285 per
951 4211 1084 4263 matrem
1100 4220 1204 4279 suam,
1215 4203 1271 4265 cui
1285 4201 1369 4266 credi

414 4298 588 4379 debuisset,
601 4323 660 4386 per
685 4304 857 4386 episcopos
878 4301 1107 4365 transmarinos
1121 4312 1155 4365 et
1173 4303 1368 4377 cismarinos,

410 4424 467 4485 per
488 4405 596 4469 fratres
619 4404 747 4486 Templi
763 4414 796 4466 et
819 4404 1014 4486 Hospitalis,
1028 4423 1086 4486 per
1107 4425 1217 4486 regem
1241 4414 1275 4469 et
1289 4404 1366 4487 opti-
