<?xml version="1.0" encoding="UTF-8"?>
<!DOCTYPE html PUBLIC "-//W3C//DTD XHTML 1.0 Transitional//EN"
    "http://www.w3.org/TR/xhtml1/DTD/xhtml1-transitional.dtd">
<html xmlns="http://www.w3.org/1999/xhtml" xml:lang="en" lang="en">
 <head>
  <title>
</title>
<meta http-equiv="Content-Type" content="text/html;charset=utf-8" />
  <meta name='ocr-system' content='tesseract 3.04.00' />
  <meta name='ocr-capabilities' content='ocr_page ocr_carea ocr_par ocr_line ocrx_word'/>
</head>
<body>
  <div class='ocr_page' id='page_1' title='image "./joannissaresber16johngoog_0318.png"; bbox 0 0 3034 5500; ppageno 0'>
   <div class='ocr_carea' id='block_1_1' title="bbox 280 713 1221 792">
    <p class='ocr_par' dir='ltr' id='par_1_1' title="bbox 280 713 1221 792">
     <span class='ocr_line' id='line_1_1' title="bbox 280 713 1221 792; baseline -0.011 -9"><span class='ocrx_word' id='word_1_1' title='bbox 280 726 342 783; x_wconf 69' lang='lat'><strong>296</strong></span> <span class='ocrx_word' id='word_1_2' title='bbox 541 733 679 779; x_wconf 65' lang='lat' dir='ltr'><strong>consens</strong></span> <span class='ocrx_word' id='word_1_3' title='bbox 695 733 974 777; x_wconf 78' lang='lat' dir='ltr'><strong>sanusneurnnsrs</strong></span> <span class='ocrx_word' id='word_1_4' title='bbox 1133 713 1177 792; x_wconf 80' lang='lat' dir='ltr'><strong>[a.</strong></span> <span class='ocrx_word' id='word_1_5' title='bbox 1194 731 1221 774; x_wconf 90' lang='lat' dir='ltr'><strong>n.</strong></span> 
     </span>
    </p>
   </div>
   <div class='ocr_carea' id='block_1_2' title="bbox 281 886 1231 1475">
    <p class='ocr_par' dir='ltr' id='par_1_2' title="bbox 281 886 1227 1275">
     <span class='ocr_line' id='line_1_2' title="bbox 282 886 1224 972; baseline -0.011 -18"><span class='ocrx_word' id='word_1_6' title='bbox 282 912 345 954; x_wconf 91' lang='lat' dir='ltr'><strong>non</strong></span> <span class='ocrx_word' id='word_1_7' title='bbox 372 902 518 972; x_wconf 76' lang='lat' dir='ltr'><strong>possunt,</strong></span> <span class='ocrx_word' id='word_1_8' title='bbox 542 911 650 953; x_wconf 87' lang='lat' dir='ltr'><strong>eorum</strong></span> <span class='ocrx_word' id='word_1_9' title='bbox 682 889 864 950; x_wconf 87' lang='lat' dir='ltr'><strong>minuantur</strong></span> <span class='ocrx_word' id='word_1_10' title='bbox 888 886 980 959; x_wconf 83' lang='lat' dir='ltr'><strong>vires,</strong></span> <span class='ocrx_word' id='word_1_11' title='bbox 1004 897 1036 948; x_wconf 88' lang='lat' dir='ltr'><strong>et</strong></span> <span class='ocrx_word' id='word_1_12' title='bbox 1066 895 1224 948; x_wconf 82' lang='lat' dir='ltr'><strong>evanescat</strong></span> 
     </span>
     <span class='ocr_line' id='line_1_3' title="bbox 281 987 1224 1064; baseline -0.008 -11"><span class='ocrx_word' id='word_1_13' title='bbox 281 991 461 1054; x_wconf 88' lang='lat' dir='ltr'><strong>auctoritas.</strong></span> <span class='ocrx_word' id='word_1_14' title='bbox 524 989 620 1062; x_wconf 87' lang='lat' dir='ltr'><strong>Quod</strong></span> <span class='ocrx_word' id='word_1_15' title='bbox 652 988 789 1051; x_wconf 88' lang='lat' dir='ltr'><strong>audistis</strong></span> <span class='ocrx_word' id='word_1_16' title='bbox 819 987 858 1049; x_wconf 89' lang='lat' dir='ltr'><strong>de</strong></span> <span class='ocrx_word' id='word_1_17' title='bbox 889 987 1011 1064; x_wconf 89' lang='lat' dir='ltr'><strong>Siculo,</strong></span> <span class='ocrx_word' id='word_1_18' title='bbox 1036 987 1224 1050; x_wconf 83' lang='lat' dir='ltr'><strong>salsissimum</strong></span> 
     </span>
     <span class='ocr_line' id='line_1_4' title="bbox 282 1087 1227 1172; baseline -0.008 -18"><span class='ocrx_word' id='word_1_19' title='bbox 282 1112 351 1154; x_wconf 89' lang='lat' dir='ltr'><strong>esse</strong></span> <span class='ocrx_word' id='word_1_20' title='bbox 378 1090 489 1154; x_wconf 91' lang='lat' dir='ltr'><strong>dicunt</strong></span> <span class='ocrx_word' id='word_1_21' title='bbox 514 1092 630 1153; x_wconf 83' lang='lat' dir='ltr'><strong>milites</strong></span> <span class='ocrx_word' id='word_1_22' title='bbox 655 1091 841 1165; x_wconf 87' lang='lat' dir='ltr'><strong>Remenses,</strong></span> <span class='ocrx_word' id='word_1_23' title='bbox 864 1088 918 1171; x_wconf 95' lang='lat' dir='ltr'><strong>qui</strong></span> <span class='ocrx_word' id='word_1_24' title='bbox 942 1089 1143 1172; x_wconf 87' lang='lat' dir='ltr'><strong>stipendiarii</strong></span> <span class='ocrx_word' id='word_1_25' title='bbox 1168 1087 1227 1169; x_wconf 88' lang='lat' dir='ltr'><strong>ejus</strong></span> 
     </span>
     <span class='ocr_line' id='line_1_5' title="bbox 281 1192 1061 1275; baseline -0.003 -22"><span class='ocrx_word' id='word_1_26' title='bbox 281 1192 507 1270; x_wconf 81' lang='lat' dir='ltr'><strong>fuermrtanno</strong></span> <span class='ocrx_word' id='word_1_27' title='bbox 523 1194 658 1272; x_wconf 74' lang='lat' dir='ltr'><strong>integro,</strong></span> <span class='ocrx_word' id='word_1_28' title='bbox 674 1205 706 1254; x_wconf 88' lang='lat' dir='ltr'><strong>et</strong></span> <span class='ocrx_word' id='word_1_29' title='bbox 721 1193 827 1275; x_wconf 84' lang='lat' dir='ltr'>pridie</span> <span class='ocrx_word' id='word_1_30' title='bbox 844 1192 959 1253; x_wconf 80' lang='lat' dir='ltr'><strong>reversi</strong></span> <span class='ocrx_word' id='word_1_31' title='bbox 976 1204 1061 1254; x_wconf 89' lang='lat' dir='ltr'><strong>sunt.</strong></span> 
     </span>
    </p>

    <p class='ocr_par' dir='ltr' id='par_1_3' title="bbox 282 1290 1231 1475">
     <span class='ocr_line' id='line_1_6' title="bbox 324 1290 1230 1374; baseline -0.002 -20"><span class='ocrx_word' id='word_1_32' title='bbox 324 1292 420 1363; x_wconf 87' lang='lat' dir='ltr'><strong>Quod</strong></span> <span class='ocrx_word' id='word_1_33' title='bbox 430 1293 476 1354; x_wconf 91' lang='lat' dir='ltr'><strong>illi</strong></span> <span class='ocrx_word' id='word_1_34' title='bbox 488 1314 553 1354; x_wconf 90' lang='lat' dir='ltr'><strong>uon</strong></span> <span class='ocrx_word' id='word_1_35' title='bbox 564 1293 732 1368; x_wconf 79' lang='lat' dir='ltr'><strong>evitantur,</strong></span> <span class='ocrx_word' id='word_1_36' title='bbox 742 1314 823 1374; x_wconf 92' lang='lat' dir='ltr'><strong>qnos</strong></span> <span class='ocrx_word' id='word_1_37' title='bbox 833 1292 982 1353; x_wconf 91' lang='lat' dir='ltr'><strong>dominus</strong></span> <span class='ocrx_word' id='word_1_38' title='bbox 995 1290 1230 1354; x_wconf 75' lang='lat' dir='ltr'><strong>cantuariensis</strong></span> 
     </span>
     <span class='ocr_line' id='line_1_7' title="bbox 282 1391 1231 1475; baseline 0.001 -22"><span class='ocrx_word' id='word_1_39' title='bbox 282 1391 480 1455; x_wconf 85' lang='lat' dir='ltr'><strong>denuntiarit</strong></span> <span class='ocrx_word' id='word_1_40' title='bbox 502 1392 811 1467; x_wconf 83' lang='lat' dir='ltr'><strong>excommunicatos,</strong></span> <span class='ocrx_word' id='word_1_41' title='bbox 833 1413 898 1453; x_wconf 91' lang='lat' dir='ltr'><strong>nou</strong></span> <span class='ocrx_word' id='word_1_42' title='bbox 922 1403 989 1453; x_wconf 89' lang='lat' dir='ltr'><strong>tam</strong></span> <span class='ocrx_word' id='word_1_43' title='bbox 1010 1393 1118 1475; x_wconf 87' lang='lat' dir='ltr'><strong>ipsum</strong></span> <span class='ocrx_word' id='word_1_44' title='bbox 1140 1392 1231 1460; x_wconf 79' lang='lat' dir='ltr'><strong>laedit</strong></span> 
     </span>
    </p>
   </div>
   <div class='ocr_carea' id='block_1_3' title="bbox 186 1491 1232 1577">
    <p class='ocr_par' dir='ltr' id='par_1_4' title="bbox 186 1491 1232 1577">
     <span class='ocr_line' id='line_1_8' title="bbox 186 1491 1232 1577; baseline 0.003 -23"><span class='ocrx_word' id='word_1_45' title='bbox 186 1523 190 1530; x_wconf 94' lang='lat'>·</span> <span class='ocrx_word' id='word_1_46' title='bbox 284 1514 381 1576; x_wconf 88' lang='lat' dir='ltr'><strong>quam</strong></span> <span class='ocrx_word' id='word_1_47' title='bbox 405 1515 459 1556; x_wconf 92' lang='lat' dir='ltr'><strong>eos</strong></span> <span class='ocrx_word' id='word_1_48' title='bbox 483 1494 539 1577; x_wconf 90' lang='lat' dir='ltr'><strong>qui</strong></span> <span class='ocrx_word' id='word_1_49' title='bbox 561 1494 607 1556; x_wconf 91' lang='lat' dir='ltr'><strong>eis</strong></span> <span class='ocrx_word' id='word_1_50' title='bbox 630 1493 877 1555; x_wconf 87' lang='lat' dir='ltr'><strong>communicant.</strong></span> <span class='ocrx_word' id='word_1_51' title='bbox 926 1491 996 1575; x_wconf 92' lang='lat' dir='ltr'><strong>Ipsi</strong></span> <span class='ocrx_word' id='word_1_52' title='bbox 1016 1494 1154 1557; x_wconf 77' lang='lat' dir='ltr'><strong>viderint</strong></span> <span class='ocrx_word' id='word_1_53' title='bbox 1175 1515 1232 1576; x_wconf 89' lang='lat' dir='ltr'><strong>qua</strong></span> 
     </span>
    </p>
   </div>
   <div class='ocr_carea' id='block_1_4' title="bbox 276 1595 1236 4427">
    <p class='ocr_par' dir='ltr' id='par_1_5' title="bbox 276 1595 1236 4427">
     <span class='ocr_line' id='line_1_9' title="bbox 285 1595 1232 1675; baseline -0.001 -18"><span class='ocrx_word' id='word_1_54' title='bbox 285 1595 481 1657; x_wconf 86' lang='lat' dir='ltr'><strong>conscientia</strong></span> <span class='ocrx_word' id='word_1_55' title='bbox 493 1595 742 1669; x_wconf 89' lang='lat' dir='ltr'><strong>communicent,</strong></span> <span class='ocrx_word' id='word_1_56' title='bbox 755 1606 787 1655; x_wconf 88' lang='lat' dir='ltr'><strong>et</strong></span> <span class='ocrx_word' id='word_1_57' title='bbox 801 1595 856 1675; x_wconf 91' lang='lat' dir='ltr'><strong>qui</strong></span> <span class='ocrx_word' id='word_1_58' title='bbox 868 1596 1140 1657; x_wconf 84' lang='lat' dir='ltr'><strong>excommunicati</strong></span> <span class='ocrx_word' id='word_1_59' title='bbox 1155 1609 1232 1672; x_wconf 80' lang='lat' dir='ltr'><strong>sunt,</strong></span> 
     </span>
     <span class='ocr_line' id='line_1_10' title="bbox 285 1697 1234 1779; baseline 0.001 -22"><span class='ocrx_word' id='word_1_60' title='bbox 285 1717 350 1779; x_wconf 89' lang='lat' dir='ltr'><strong>qua</strong></span> <span class='ocrx_word' id='word_1_61' title='bbox 378 1697 562 1759; x_wconf 86' lang='lat' dir='ltr'><strong>innocentia</strong></span> <span class='ocrx_word' id='word_1_62' title='bbox 588 1708 643 1758; x_wconf 90' lang='lat' dir='ltr'><strong>aut</strong></span> <span class='ocrx_word' id='word_1_63' title='bbox 668 1707 795 1776; x_wconf 81' lang='lat' dir='ltr'><strong>negent,</strong></span> <span class='ocrx_word' id='word_1_64' title='bbox 821 1708 876 1757; x_wconf 90' lang='lat' dir='ltr'><strong>aut</strong></span> <span class='ocrx_word' id='word_1_65' title='bbox 904 1707 1067 1758; x_wconf 82' lang='lat' dir='ltr'><strong>excusent</strong></span> <span class='ocrx_word' id='word_1_66' title='bbox 1098 1698 1234 1771; x_wconf 86' lang='lat' dir='ltr'><strong>crimina,</strong></span> 
     </span>
     <span class='ocr_line' id='line_1_11' title="bbox 285 1794 1233 1882; baseline 0 -22"><span class='ocrx_word' id='word_1_67' title='bbox 285 1819 356 1879; x_wconf 84' lang='lat' dir='ltr'><strong>quae</strong></span> <span class='ocrx_word' id='word_1_68' title='bbox 371 1800 418 1860; x_wconf 90' lang='lat' dir='ltr'><strong>eis</strong></span> <span class='ocrx_word' id='word_1_69' title='bbox 434 1799 660 1882; x_wconf 84' lang='lat' dir='ltr'><strong>impinguntur.</strong></span> <span class='ocrx_word' id='word_1_70' title='bbox 698 1798 771 1878; x_wconf 78' lang='lat' dir='ltr'><strong>ligo</strong></span> <span class='ocrx_word' id='word_1_71' title='bbox 787 1796 853 1858; x_wconf 91' lang='lat' dir='ltr'><strong>scio</strong></span> <span class='ocrx_word' id='word_1_72' title='bbox 869 1794 956 1879; x_wconf 92' lang='lat' dir='ltr'><strong>quod</strong></span> <span class='ocrx_word' id='word_1_73' title='bbox 968 1818 1077 1880; x_wconf 89' lang='lat' dir='ltr'><strong>neque</strong></span> <span class='ocrx_word' id='word_1_74' title='bbox 1093 1800 1126 1861; x_wconf 90' lang='lat' dir='ltr'><strong>in</strong></span> <span class='ocrx_word' id='word_1_75' title='bbox 1139 1799 1233 1860; x_wconf 85' lang='lat' dir='ltr'><strong>seren·</strong></span> 
     </span>
     <span class='ocr_line' id='line_1_12' title="bbox 285 1896 1234 1982; baseline 0.004 -24"><span class='ocrx_word' id='word_1_76' title='bbox 285 1896 326 1960; x_wconf 88' lang='lat' dir='ltr'><strong>da</strong></span> <span class='ocrx_word' id='word_1_77' title='bbox 342 1901 501 1963; x_wconf 89' lang='lat' dir='ltr'><strong>sententia</strong></span> <span class='ocrx_word' id='word_1_78' title='bbox 516 1922 656 1982; x_wconf 86' lang='lat' dir='ltr'><strong>praeseus</strong></span> <span class='ocrx_word' id='word_1_79' title='bbox 672 1900 726 1978; x_wconf 87' lang='lat' dir='ltr'><strong>sui,</strong></span> <span class='ocrx_word' id='word_1_80' title='bbox 743 1920 847 1982; x_wconf 88' lang='lat' dir='ltr'><strong>neque</strong></span> <span class='ocrx_word' id='word_1_81' title='bbox 869 1899 909 1960; x_wconf 90' lang='lat' dir='ltr'><strong>de</strong></span> <span class='ocrx_word' id='word_1_82' title='bbox 926 1900 1064 1962; x_wconf 90' lang='lat' dir='ltr'><strong>consilio</strong></span> <span class='ocrx_word' id='word_1_83' title='bbox 1088 1922 1170 1976; x_wconf 91' lang='lat' dir='ltr'><strong>meo,</strong></span> <span class='ocrx_word' id='word_1_84' title='bbox 1185 1910 1234 1964; x_wconf 84' lang='lat' dir='ltr'><strong>ant</strong></span> 
     </span>
     <span class='ocr_line' id='line_1_13' title="bbox 283 2000 1233 2081; baseline 0.005 -19"><span class='ocrx_word' id='word_1_85' title='bbox 283 2000 325 2063; x_wconf 90' lang='lat' dir='ltr'><strong>de</strong></span> <span class='ocrx_word' id='word_1_86' title='bbox 347 2003 546 2066; x_wconf 87' lang='lat' dir='ltr'><strong>couscientia</strong></span> <span class='ocrx_word' id='word_1_87' title='bbox 576 2006 640 2067; x_wconf 89' lang='lat' dir='ltr'><strong>lata</strong></span> <span class='ocrx_word' id='word_1_88' title='bbox 666 2012 722 2080; x_wconf 83' lang='lat' dir='ltr'><strong>est,</strong></span> <span class='ocrx_word' id='word_1_89' title='bbox 745 2012 778 2064; x_wconf 90' lang='lat' dir='ltr'><strong>et</strong></span> <span class='ocrx_word' id='word_1_90' title='bbox 807 2002 956 2078; x_wconf 87' lang='lat' dir='ltr'><strong>necdum,</strong></span> <span class='ocrx_word' id='word_1_91' title='bbox 981 2002 1127 2066; x_wconf 89' lang='lat' dir='ltr'><strong>Domino</strong></span> <span class='ocrx_word' id='word_1_92' title='bbox 1149 2017 1233 2081; x_wconf 86' lang='lat' dir='ltr'><strong>teste,</strong></span> 
     </span>
     <span class='ocr_line' id='line_1_14' title="bbox 284 2104 1232 2191; baseline 0.006 -27"><span class='ocrx_word' id='word_1_93' title='bbox 284 2104 439 2185; x_wconf 89' lang='lat' dir='ltr'><strong>quosdam</strong></span> <span class='ocrx_word' id='word_1_94' title='bbox 467 2127 587 2182; x_wconf 84' lang='lat' dir='ltr'><strong>eorum,</strong></span> <span class='ocrx_word' id='word_1_95' title='bbox 613 2104 667 2190; x_wconf 92' lang='lat' dir='ltr'><strong>qui</strong></span> <span class='ocrx_word' id='word_1_96' title='bbox 698 2107 798 2169; x_wconf 90' lang='lat' dir='ltr'><strong>notati</strong></span> <span class='ocrx_word' id='word_1_97' title='bbox 830 2115 915 2182; x_wconf 86' lang='lat' dir='ltr'><strong>sunt,</strong></span> <span class='ocrx_word' id='word_1_98' title='bbox 940 2107 1028 2182; x_wconf 85' lang='lat' dir='ltr'><strong>nori,</strong></span> <span class='ocrx_word' id='word_1_99' title='bbox 1053 2127 1128 2183; x_wconf 90' lang='lat' dir='ltr'><strong>nec,</strong></span> <span class='ocrx_word' id='word_1_100' title='bbox 1153 2107 1232 2191; x_wconf 92' lang='lat' dir='ltr'><strong>quod</strong></span> 
     </span>
     <span class='ocr_line' id='line_1_15' title="bbox 284 2206 1233 2298; baseline 0.006 -33"><span class='ocrx_word' id='word_1_101' title='bbox 284 2206 492 2280; x_wconf 86' lang='lat' dir='ltr'><strong>meminerim,</strong></span> <span class='ocrx_word' id='word_1_102' title='bbox 523 2207 598 2267; x_wconf 83' lang='lat' dir='ltr'><strong>ridi.</strong></span> <span class='ocrx_word' id='word_1_103' title='bbox 654 2208 803 2269; x_wconf 83' lang='lat' dir='ltr'><strong>Tentabo</strong></span> <span class='ocrx_word' id='word_1_104' title='bbox 837 2207 957 2289; x_wconf 85' lang='lat' dir='ltr'><strong>utique,</strong></span> <span class='ocrx_word' id='word_1_105' title='bbox 990 2218 1025 2268; x_wconf 90' lang='lat' dir='ltr'><strong>ut</strong></span> <span class='ocrx_word' id='word_1_106' title='bbox 1049 2210 1233 2298; x_wconf 49' lang='lat' dir='ltr'><strong>‚consulitis</strong></span> 
     </span>
     <span class='ocr_line' id='line_1_16' title="bbox 281 2304 1234 2391; baseline 0.007 -24"><span class='ocrx_word' id='word_1_107' title='bbox 281 2304 557 2389; x_wconf 88' lang='lat' dir='ltr'><strong>archiepiscopum</strong></span> <span class='ocrx_word' id='word_1_108' title='bbox 574 2307 703 2370; x_wconf 87' lang='lat' dir='ltr'><strong>flectere</strong></span> <span class='ocrx_word' id='word_1_109' title='bbox 717 2330 776 2391; x_wconf 90' lang='lat' dir='ltr'><strong>pro</strong></span> <span class='ocrx_word' id='word_1_110' title='bbox 789 2307 1017 2371; x_wconf 85' lang='lat' dir='ltr'><strong>archidiacono</strong></span> <span class='ocrx_word' id='word_1_111' title='bbox 1031 2310 1234 2389; x_wconf 86' lang='lat' dir='ltr'><strong>Pictaviensi,</strong></span> 
     </span>
     <span class='ocr_line' id='line_1_17' title="bbox 281 2406 1234 2496; baseline 0.006 -28"><span class='ocrx_word' id='word_1_112' title='bbox 281 2407 307 2468; x_wconf 88' lang='lat' dir='ltr'><strong>si</strong></span> <span class='ocrx_word' id='word_1_113' title='bbox 320 2418 426 2469; x_wconf 88' lang='lat' dir='ltr'><strong>tamen</strong></span> <span class='ocrx_word' id='word_1_114' title='bbox 441 2406 670 2486; x_wconf 79' lang='lat' dir='ltr'><strong>intellexeritis,</strong></span> <span class='ocrx_word' id='word_1_115' title='bbox 684 2412 772 2493; x_wconf 92' lang='lat' dir='ltr'><strong>qnod</strong></span> <span class='ocrx_word' id='word_1_116' title='bbox 784 2411 823 2473; x_wconf 90' lang='lat' dir='ltr'><strong>ad</strong></span> <span class='ocrx_word' id='word_1_117' title='bbox 841 2432 952 2493; x_wconf 84' lang='lat' dir='ltr'><strong>pacem</strong></span> <span class='ocrx_word' id='word_1_118' title='bbox 965 2413 1126 2476; x_wconf 85' lang='lat' dir='ltr'><strong>Ecclesiae</strong></span> <span class='ocrx_word' id='word_1_119' title='bbox 1138 2413 1234 2496; x_wconf 90' lang='lat' dir='ltr'><strong>possit</strong></span> 
     </span>
     <span class='ocr_line' id='line_1_18' title="bbox 281 2509 1233 2596; baseline 0.008 -26"><span class='ocrx_word' id='word_1_120' title='bbox 281 2509 437 2591; x_wconf 84' lang='lat' dir='ltr'><strong>proficere</strong></span> <span class='ocrx_word' id='word_1_121' title='bbox 452 2512 542 2573; x_wconf 91' lang='lat' dir='ltr'><strong>labor</strong></span> <span class='ocrx_word' id='word_1_122' title='bbox 564 2533 662 2574; x_wconf 91' lang='lat' dir='ltr'><strong>mens.</strong></span> <span class='ocrx_word' id='word_1_123' title='bbox 711 2513 861 2596; x_wconf 88' lang='lat' dir='ltr'><strong>Alioquin</strong></span> <span class='ocrx_word' id='word_1_124' title='bbox 886 2516 1077 2595; x_wconf 89' lang='lat' dir='ltr'><strong>probrosum</strong></span> <span class='ocrx_word' id='word_1_125' title='bbox 1100 2532 1185 2578; x_wconf 88' lang='lat' dir='ltr'><strong>esset</strong></span> <span class='ocrx_word' id='word_1_126' title='bbox 1204 2529 1233 2578; x_wconf 88' lang='lat' dir='ltr'><strong>ct</strong></span> 
     </span>
     <span class='ocr_line' id='line_1_19' title="bbox 281 2614 1233 2696; baseline 0.006 -22"><span class='ocrx_word' id='word_1_127' title='bbox 281 2624 374 2694; x_wconf 84' lang='lat' dir='ltr'><strong>turpe</strong></span> <span class='ocrx_word' id='word_1_128' title='bbox 388 2626 510 2696; x_wconf 88' lang='lat' dir='ltr'><strong>patrem</strong></span> <span class='ocrx_word' id='word_1_129' title='bbox 527 2614 769 2692; x_wconf 80' lang='lat' dir='ltr'><strong>circumvenire,</strong></span> <span class='ocrx_word' id='word_1_130' title='bbox 783 2627 815 2677; x_wconf 84' lang='lat' dir='ltr'><strong>et</strong></span> <span class='ocrx_word' id='word_1_131' title='bbox 830 2614 1006 2678; x_wconf 88' lang='lat' dir='ltr'><strong>dominum.</strong></span> <span class='ocrx_word' id='word_1_132' title='bbox 1053 2615 1120 2680; x_wconf 88' lang='lat' dir='ltr'><strong>Sed</strong></span> <span class='ocrx_word' id='word_1_133' title='bbox 1138 2617 1233 2680; x_wconf 88' lang='lat' dir='ltr'><strong>nostis</strong></span> 
     </span>
     <span class='ocr_line' id='line_1_20' title="bbox 285 2714 1233 2802; baseline 0.004 -23"><span class='ocrx_word' id='word_1_134' title='bbox 285 2714 487 2800; x_wconf 91' lang='lat' dir='ltr'><strong>quod‚qunm</strong></span> <span class='ocrx_word' id='word_1_135' title='bbox 500 2716 561 2780; x_wconf 91' lang='lat' dir='ltr'><strong>hoc</strong></span> <span class='ocrx_word' id='word_1_136' title='bbox 572 2718 612 2781; x_wconf 87' lang='lat' dir='ltr'><strong>ab</strong></span> <span class='ocrx_word' id='word_1_137' title='bbox 622 2738 708 2780; x_wconf 89' lang='lat' dir='ltr'><strong>anno</strong></span> <span class='ocrx_word' id='word_1_138' title='bbox 720 2717 879 2802; x_wconf 67' lang='lat' dir='ltr'><strong>praeterito</strong></span> <span class='ocrx_word' id='word_1_139' title='bbox 889 2718 1128 2797; x_wconf 78' lang='lat' dir='ltr'><strong>egerimus,nec</strong></span> <span class='ocrx_word' id='word_1_140' title='bbox 1140 2721 1233 2785; x_wconf 89' lang='lat' dir='ltr'><strong>semel</strong></span> 
     </span>
     <span class='ocr_line' id='line_1_21' title="bbox 282 2819 1233 2902; baseline 0.003 -22"><span class='ocrx_word' id='word_1_141' title='bbox 282 2820 375 2882; x_wconf 91' lang='lat' dir='ltr'><strong>nobis</strong></span> <span class='ocrx_word' id='word_1_142' title='bbox 390 2841 578 2902; x_wconf 90' lang='lat' dir='ltr'><strong>responsum</strong></span> <span class='ocrx_word' id='word_1_143' title='bbox 595 2831 643 2882; x_wconf 87' lang='lat' dir='ltr'><strong>est</strong></span> <span class='ocrx_word' id='word_1_144' title='bbox 661 2821 702 2883; x_wconf 87' lang='lat' dir='ltr'><strong>ab</strong></span> <span class='ocrx_word' id='word_1_145' title='bbox 725 2819 952 2883; x_wconf 88' lang='lat' dir='ltr'><strong>archidiacono</strong></span> <span class='ocrx_word' id='word_1_146' title='bbox 969 2823 1102 2884; x_wconf 85' lang='lat' dir='ltr'><strong>verbum</strong></span> <span class='ocrx_word' id='word_1_147' title='bbox 1127 2845 1233 2886; x_wconf 86' lang='lat' dir='ltr'><strong>unum.</strong></span> 
     </span>
     <span class='ocr_line' id='line_1_22' title="bbox 282 2920 1232 3003; baseline 0.005 -22"><span class='ocrx_word' id='word_1_148' title='bbox 282 2920 334 2982; x_wconf 86' lang='lat' dir='ltr'><strong>De</strong></span> <span class='ocrx_word' id='word_1_149' title='bbox 357 2921 467 2983; x_wconf 87' lang='lat' dir='ltr'><strong>itincre</strong></span> <span class='ocrx_word' id='word_1_150' title='bbox 490 2932 597 2982; x_wconf 86' lang='lat' dir='ltr'><strong>autem</strong></span> <span class='ocrx_word' id='word_1_151' title='bbox 619 2933 723 2983; x_wconf 85' lang='lat' dir='ltr'><strong>restro</strong></span> <span class='ocrx_word' id='word_1_152' title='bbox 746 2920 825 3003; x_wconf 91' lang='lat' dir='ltr'><strong>quid</strong></span> <span class='ocrx_word' id='word_1_153' title='bbox 847 2922 1012 2983; x_wconf 89' lang='lat' dir='ltr'><strong>consulam</strong></span> <span class='ocrx_word' id='word_1_154' title='bbox 1036 2924 1158 3001; x_wconf 90' lang='lat' dir='ltr'><strong>nescio,</strong></span> <span class='ocrx_word' id='word_1_155' title='bbox 1180 2923 1232 2986; x_wconf 91' lang='lat' dir='ltr'><strong>sod</strong></span> 
     </span>
     <span class='ocr_line' id='line_1_23' title="bbox 283 3021 1236 3107; baseline 0.005 -24"><span class='ocrx_word' id='word_1_156' title='bbox 283 3022 343 3084; x_wconf 89' lang='lat' dir='ltr'><strong>iter</strong></span> <span class='ocrx_word' id='word_1_157' title='bbox 358 3023 490 3106; x_wconf 76' lang='lat' dir='ltr'><strong>precelse</strong></span> <span class='ocrx_word' id='word_1_158' title='bbox 506 3022 668 3096; x_wconf 87' lang='lat' dir='ltr'><strong>dictarem,</strong></span> <span class='ocrx_word' id='word_1_159' title='bbox 684 3021 745 3083; x_wconf 89' lang='lat' dir='ltr'><strong>nisi</strong></span> <span class='ocrx_word' id='word_1_160' title='bbox 762 3022 915 3103; x_wconf 90' lang='lat' dir='ltr'><strong>quianon</strong></span> <span class='ocrx_word' id='word_1_161' title='bbox 931 3021 1026 3085; x_wconf 84' lang='lat' dir='ltr'><strong>video</strong></span> <span class='ocrx_word' id='word_1_162' title='bbox 1042 3026 1204 3107; x_wconf 93' lang='lat' dir='ltr'><strong>quomodo</strong></span> <span class='ocrx_word' id='word_1_163' title='bbox 1218 3046 1236 3088; x_wconf 87' lang='lat' dir='ltr'><strong>a</strong></span> 
     </span>
     <span class='ocr_line' id='line_1_24' title="bbox 282 3123 1232 3206; baseline 0 -20"><span class='ocrx_word' id='word_1_164' title='bbox 282 3124 455 3206; x_wconf 87' lang='lat' dir='ltr'><strong>participio</strong></span> <span class='ocrx_word' id='word_1_165' title='bbox 496 3124 848 3186; x_wconf 87' lang='lat' dir='ltr'><strong>excommunicatorum</strong></span> <span class='ocrx_word' id='word_1_166' title='bbox 888 3123 1020 3205; x_wconf 90' lang='lat' dir='ltr'><strong>possitis</strong></span> <span class='ocrx_word' id='word_1_167' title='bbox 1064 3127 1232 3190; x_wconf 86' lang='lat' dir='ltr'><strong>abstinere.</strong></span> 
     </span>
     <span class='ocr_line' id='line_1_25' title="bbox 284 3226 1235 3311; baseline 0.002 -21"><span class='ocrx_word' id='word_1_168' title='bbox 284 3226 368 3290; x_wconf 90' lang='lat' dir='ltr'><strong>Nam</strong></span> <span class='ocrx_word' id='word_1_169' title='bbox 389 3226 476 3306; x_wconf 91' lang='lat' dir='ltr'><strong>quod</strong></span> <span class='ocrx_word' id='word_1_170' title='bbox 499 3226 689 3287; x_wconf 88' lang='lat' dir='ltr'><strong>sententiam</strong></span> <span class='ocrx_word' id='word_1_171' title='bbox 713 3236 903 3301; x_wconf 88' lang='lat' dir='ltr'><strong>meruerunt,</strong></span> <span class='ocrx_word' id='word_1_172' title='bbox 919 3226 1010 3287; x_wconf 87' lang='lat' dir='ltr'><strong>robis</strong></span> <span class='ocrx_word' id='word_1_173' title='bbox 1027 3228 1235 3311; x_wconf 84' lang='lat' dir='ltr'><strong>aliquatenus,</strong></span> 
     </span>
     <span class='ocr_line' id='line_1_26' title="bbox 283 3326 1231 3414; baseline 0.007 -28"><span class='ocrx_word' id='word_1_174' title='bbox 283 3326 339 3388; x_wconf 89' lang='lat' dir='ltr'><strong>sed</strong></span> <span class='ocrx_word' id='word_1_175' title='bbox 369 3326 432 3388; x_wconf 90' lang='lat' dir='ltr'><strong>illis</strong></span> <span class='ocrx_word' id='word_1_176' title='bbox 460 3348 500 3388; x_wconf 86' lang='lat' dir='ltr'><strong>ex</strong></span> <span class='ocrx_word' id='word_1_177' title='bbox 528 3327 710 3389; x_wconf 86' lang='lat' dir='ltr'><strong>testimonio</strong></span> <span class='ocrx_word' id='word_1_178' title='bbox 739 3327 943 3390; x_wconf 71' lang='lat' dir='ltr'><strong>conscientiae</strong></span> <span class='ocrx_word' id='word_1_179' title='bbox 972 3329 1102 3410; x_wconf 85' lang='lat' dir='ltr'><strong>plenius</strong></span> <span class='ocrx_word' id='word_1_180' title='bbox 1127 3332 1231 3414; x_wconf 86' lang='lat' dir='ltr'><strong>liquet</strong></span> 
     </span>
     <span class='ocr_line' id='line_1_27' title="bbox 280 3426 1232 3506; baseline 0.008 -20"><span class='ocrx_word' id='word_1_181' title='bbox 280 3427 377 3500; x_wconf 89' lang='lat' dir='ltr'><strong>Eum,</strong></span> <span class='ocrx_word' id='word_1_182' title='bbox 394 3428 449 3506; x_wconf 92' lang='lat' dir='ltr'><strong>qui</strong></span> <span class='ocrx_word' id='word_1_183' title='bbox 466 3428 601 3489; x_wconf 88' lang='lat' dir='ltr'><strong>seminat</strong></span> <span class='ocrx_word' id='word_1_184' title='bbox 624 3426 800 3491; x_wconf 88' lang='lat' dir='ltr'><strong>discordias</strong></span> <span class='ocrx_word' id='word_1_185' title='bbox 823 3430 905 3491; x_wconf 88' lang='lat' dir='ltr'><strong>inter</strong></span> <span class='ocrx_word' id='word_1_186' title='bbox 925 3428 1039 3491; x_wconf 82' lang='lat' dir='ltr'><strong>fratres</strong></span> <span class='ocrx_word' id='word_1_187' title='bbox 1062 3430 1232 3494; x_wconf 88' lang='lat' dir='ltr'><strong>detestetur</strong></span> 
     </span>
     <span class='ocr_line' id='line_1_28' title="bbox 279 3526 1231 3611; baseline 0.006 -23"><span class='ocrx_word' id='word_1_188' title='bbox 279 3526 386 3589; x_wconf 85' lang='lat' dir='ltr'><strong>anima</strong></span> <span class='ocrx_word' id='word_1_189' title='bbox 413 3526 561 3586; x_wconf 86' lang='lat' dir='ltr'><strong>Domini:</strong></span> <span class='ocrx_word' id='word_1_190' title='bbox 604 3528 682 3609; x_wconf 93' lang='lat' dir='ltr'><strong>quid</strong></span> <span class='ocrx_word' id='word_1_191' title='bbox 709 3550 784 3610; x_wconf 84' lang='lat' dir='ltr'><strong>ergo</strong></span> <span class='ocrx_word' id='word_1_192' title='bbox 806 3550 890 3605; x_wconf 89' lang='lat' dir='ltr'><strong>eum,</strong></span> <span class='ocrx_word' id='word_1_193' title='bbox 912 3529 968 3611; x_wconf 91' lang='lat' dir='ltr'><strong>qui</strong></span> <span class='ocrx_word' id='word_1_194' title='bbox 990 3549 1064 3593; x_wconf 91' lang='lat' dir='ltr'><strong>cnm</strong></span> <span class='ocrx_word' id='word_1_195' title='bbox 1090 3531 1231 3594; x_wconf 87' lang='lat' dir='ltr'><strong>ldnmaeo</strong></span> 
     </span>
     <span class='ocr_line' id='line_1_29' title="bbox 279 3627 1230 3708; baseline 0.006 -18"><span class='ocrx_word' id='word_1_196' title='bbox 279 3627 413 3690; x_wconf 87' lang='lat' dir='ltr'><strong>satellite</strong></span> <span class='ocrx_word' id='word_1_197' title='bbox 428 3627 628 3708; x_wconf 85' lang='lat' dir='ltr'><strong>persequitur</strong></span> <span class='ocrx_word' id='word_1_198' title='bbox 643 3632 834 3707; x_wconf 86' lang='lat' dir='ltr'><strong>sacerdotes,</strong></span> <span class='ocrx_word' id='word_1_199' title='bbox 849 3644 882 3693; x_wconf 90' lang='lat' dir='ltr'><strong>et</strong></span> <span class='ocrx_word' id='word_1_200' title='bbox 901 3631 1098 3695; x_wconf 86' lang='lat' dir='ltr'><strong>tabernaculi</strong></span> <span class='ocrx_word' id='word_1_201' title='bbox 1122 3633 1230 3696; x_wconf 91' lang='lat' dir='ltr'><strong>Domi·</strong></span> 
     </span>
     <span class='ocr_line' id='line_1_30' title="bbox 280 3722 1229 3815; baseline 0.005 -24"><span class='ocrx_word' id='word_1_202' title='bbox 280 3729 313 3792; x_wconf 92' lang='lat' dir='ltr'><strong>ni</strong></span> <span class='ocrx_word' id='word_1_203' title='bbox 330 3726 497 3790; x_wconf 89' lang='lat' dir='ltr'><strong>succendit</strong></span> <span class='ocrx_word' id='word_1_204' title='bbox 512 3722 629 3802; x_wconf 79' lang='lat' dir='ltr'><strong>vicum,</strong></span> <span class='ocrx_word' id='word_1_205' title='bbox 644 3741 676 3792; x_wconf 87' lang='lat' dir='ltr'><strong>et</strong></span> <span class='ocrx_word' id='word_1_206' title='bbox 690 3732 798 3812; x_wconf 83' lang='lat' dir='ltr'><strong>gladio</strong></span> <span class='ocrx_word' id='word_1_207' title='bbox 820 3732 974 3815; x_wconf 90' lang='lat' dir='ltr'><strong>principis</strong></span> <span class='ocrx_word' id='word_1_208' title='bbox 996 3732 1029 3794; x_wconf 91' lang='lat' dir='ltr'><strong>in</strong></span> <span class='ocrx_word' id='word_1_209' title='bbox 1053 3734 1229 3798; x_wconf 75' lang='lat' dir='ltr'><strong>Leviticum</strong></span> 
     </span>
     <span class='ocr_line' id='line_1_31' title="bbox 280 3828 1231 3915; baseline 0.006 -22"><span class='ocrx_word' id='word_1_210' title='bbox 280 3831 423 3893; x_wconf 88' lang='lat' dir='ltr'><strong>ordinem</strong></span> <span class='ocrx_word' id='word_1_211' title='bbox 440 3828 666 3893; x_wconf 85' lang='lat' dir='ltr'><strong>debacchatur.</strong></span> <span class='ocrx_word' id='word_1_212' title='bbox 707 3832 746 3895; x_wconf 90' lang='lat' dir='ltr'><strong>In</strong></span> <span class='ocrx_word' id='word_1_213' title='bbox 764 3834 826 3896; x_wconf 91' lang='lat' dir='ltr'><strong>hoc</strong></span> <span class='ocrx_word' id='word_1_214' title='bbox 839 3855 914 3915; x_wconf 82' lang='lat' dir='ltr'><strong>ergo</strong></span> <span class='ocrx_word' id='word_1_215' title='bbox 926 3833 1063 3897; x_wconf 84' lang='lat' dir='ltr'><strong>articulo</strong></span> <span class='ocrx_word' id='word_1_216' title='bbox 1076 3837 1231 3899; x_wconf 83' lang='lat' dir='ltr'><strong>consulite</strong></span> 
     </span>
     <span class='ocr_line' id='line_1_32' title="bbox 279 3930 1229 4016; baseline 0.007 -23"><span class='ocrx_word' id='word_1_217' title='bbox 279 3930 518 4004; x_wconf 88' lang='lat' dir='ltr'><strong>conscientiam,</strong></span> <span class='ocrx_word' id='word_1_218' title='bbox 548 3941 580 3992; x_wconf 89' lang='lat' dir='ltr'><strong>et</strong></span> <span class='ocrx_word' id='word_1_219' title='bbox 608 3933 747 4016; x_wconf 88' lang='lat' dir='ltr'><strong>aliquem</strong></span> <span class='ocrx_word' id='word_1_220' title='bbox 778 3935 961 4015; x_wconf 84' lang='lat' dir='ltr'><strong>religiosum</strong></span> <span class='ocrx_word' id='word_1_221' title='bbox 991 3946 1024 3998; x_wconf 90' lang='lat' dir='ltr'><strong>et</strong></span> <span class='ocrx_word' id='word_1_222' title='bbox 1059 3935 1229 4000; x_wconf 89' lang='lat' dir='ltr'><strong>discretum</strong></span> 
     </span>
     <span class='ocr_line' id='line_1_33' title="bbox 279 4030 1230 4117; baseline 0.008 -24"><span class='ocrx_word' id='word_1_223' title='bbox 279 4030 429 4093; x_wconf 85' lang='lat' dir='ltr'><strong>arbitrum</strong></span> <span class='ocrx_word' id='word_1_224' title='bbox 444 4031 593 4094; x_wconf 88' lang='lat' dir='ltr'><strong>adhibete</strong></span> <span class='ocrx_word' id='word_1_225' title='bbox 605 4057 612 4095; x_wconf 89' lang='lat'>:</span> <span class='ocrx_word' id='word_1_226' title='bbox 637 4045 670 4095; x_wconf 91' lang='lat' dir='ltr'><strong>et</strong></span> <span class='ocrx_word' id='word_1_227' title='bbox 686 4056 785 4117; x_wconf 91' lang='lat' dir='ltr'><strong>quum</strong></span> <span class='ocrx_word' id='word_1_228' title='bbox 797 4035 972 4098; x_wconf 85' lang='lat' dir='ltr'><strong>effuderitis</strong></span> <span class='ocrx_word' id='word_1_229' title='bbox 984 4057 1039 4098; x_wconf 88' lang='lat' dir='ltr'><strong>cor</strong></span> <span class='ocrx_word' id='word_1_230' title='bbox 1051 4048 1187 4101; x_wconf 88' lang='lat' dir='ltr'><strong>restrum</strong></span> <span class='ocrx_word' id='word_1_231' title='bbox 1199 4040 1230 4101; x_wconf 92' lang='lat' dir='ltr'><strong>in</strong></span> 
     </span>
     <span class='ocr_line' id='line_1_34' title="bbox 278 4132 1227 4222; baseline 0.009 -29"><span class='ocrx_word' id='word_1_232' title='bbox 278 4142 454 4212; x_wconf 87' lang='lat' dir='ltr'><strong>conspectu</strong></span> <span class='ocrx_word' id='word_1_233' title='bbox 470 4132 549 4214; x_wconf 91' lang='lat' dir='ltr'><strong>ejus,</strong></span> <span class='ocrx_word' id='word_1_234' title='bbox 563 4134 733 4215; x_wconf 89' lang='lat' dir='ltr'><strong>sequimini</strong></span> <span class='ocrx_word' id='word_1_235' title='bbox 756 4136 841 4219; x_wconf 92' lang='lat' dir='ltr'><strong>quod</strong></span> <span class='ocrx_word' id='word_1_236' title='bbox 867 4136 1027 4199; x_wconf 90' lang='lat' dir='ltr'><strong>Dominus</strong></span> <span class='ocrx_word' id='word_1_237' title='bbox 1050 4139 1227 4222; x_wconf 84' lang='lat' dir='ltr'><strong>inspirabit.</strong></span> 
     </span>
     <span class='ocr_line' id='line_1_35' title="bbox 278 4227 1228 4323; baseline 0.012 -30"><span class='ocrx_word' id='word_1_238' title='bbox 278 4227 402 4293; x_wconf 81' lang='lat' dir='ltr'><strong>sivero</strong></span> <span class='ocrx_word' id='word_1_239' title='bbox 419 4254 474 4294; x_wconf 85' lang='lat' dir='ltr'><strong>ros</strong></span> <span class='ocrx_word' id='word_1_240' title='bbox 489 4232 528 4296; x_wconf 86' lang='lat' dir='ltr'><strong>ad</strong></span> <span class='ocrx_word' id='word_1_241' title='bbox 553 4234 683 4312; x_wconf 86' lang='lat' dir='ltr'><strong>curiam,</strong></span> <span class='ocrx_word' id='word_1_242' title='bbox 698 4235 907 4300; x_wconf 88' lang='lat' dir='ltr'><strong>suadentibus</strong></span> <span class='ocrx_word' id='word_1_243' title='bbox 929 4239 1043 4301; x_wconf 88' lang='lat' dir='ltr'><strong>amicis</strong></span> <span class='ocrx_word' id='word_1_244' title='bbox 1062 4242 1228 4323; x_wconf 77' lang='lat' dir='ltr'><strong>contigerit</strong></span> 
     </span>
     <span class='ocr_line' id='line_1_36' title="bbox 276 4332 1229 4427; baseline 0.013 -32"><span class='ocrx_word' id='word_1_245' title='bbox 276 4332 449 4417; x_wconf 88' lang='lat' dir='ltr'><strong>proficisci,</strong></span> <span class='ocrx_word' id='word_1_246' title='bbox 472 4335 708 4420; x_wconf 84' lang='lat' dir='ltr'><strong>archidiacono,</strong></span> <span class='ocrx_word' id='word_1_247' title='bbox 724 4358 818 4421; x_wconf 92' lang='lat' dir='ltr'><strong>quem</strong></span> <span class='ocrx_word' id='word_1_248' title='bbox 841 4337 985 4420; x_wconf 82' lang='lat' dir='ltr'><strong>diligitis,</strong></span> <span class='ocrx_word' id='word_1_249' title='bbox 1004 4351 1036 4403; x_wconf 87' lang='lat' dir='ltr'><strong>et</strong></span> <span class='ocrx_word' id='word_1_250' title='bbox 1059 4364 1132 4423; x_wconf 79' lang='lat' dir='ltr'><strong>ego,</strong></span> <span class='ocrx_word' id='word_1_251' title='bbox 1155 4366 1229 4427; x_wconf 88' lang='lat' dir='ltr'><strong>qua·</strong></span> 
     </span>
    </p>
   </div>
   <div class='ocr_carea' id='block_1_5' title="bbox 0 0 1522 5500">
    <p class='ocr_par' dir='ltr' id='par_1_6' title="bbox 0 0 1522 5500">
     <span class='ocr_line' id='line_1_37' title="bbox 0 0 1522 5500; baseline 0 0"><span class='ocrx_word' id='word_1_252' title='bbox 0 0 1522 5500; x_wconf 95' lang='lat' dir='ltr'><strong> </strong></span> 
     </span>
    </p>
   </div>
  </div>
 </body>
</html>
