3034 5500
137 774 340 860 llos-61]
533 789 712 837 sersronrs.
744 817 749 821 -
1059 773 1097 834 si

136 961 199 1027 tue,
210 949 237 1012 si
249 960 426 1032 antequam
439 942 584 1029 egrediar
598 940 792 1029 apatientiae
805 939 912 1007 labore
922 940 963 1007 ad
975 961 1096 1026 pacem,

136 1048 238 1115 hlium
266 1047 356 1134 pacis
379 1043 458 1110 mihi
482 1043 592 1110 vidore
612 1042 734 1108 dederit
759 1041 925 1108 Christum
953 1039 1095 1107 Domini.

137 1149 203 1215 Det
226 1149 307 1214 mihi
331 1146 481 1212 Christus
505 1144 612 1209 videre
628 1143 792 1209 Christum
808 1166 913 1222 suum,
928 1155 960 1210 et
983 1143 1098 1208 exinde

136 1252 232 1317 morti
252 1248 440 1338 properanti
459 1243 720 1334 gratulabundus
738 1269 915 1310 occurram.
950 1248 1098 1332 Expecto

138 1353 170 1416 in
180 1375 237 1439 spe
249 1353 324 1430 ista,
334 1364 366 1418 et
379 1350 497 1415 crebris
508 1349 596 1436 apud
609 1371 659 1412 me
668 1348 741 1413 dico
750 1348 910 1435 suspiriis:
930 1348 1098 1437 Numquid

139 1475 200 1517 non
223 1452 317 1517 dabit
340 1450 417 1516 mihi
443 1449 592 1515 Christus
606 1473 708 1526 meus,
724 1463 759 1514 ut
784 1447 917 1526 rideam,
934 1474 1028 1537 quem
1044 1450 1099 1514 de-

139 1553 292 1619 sideranti
321 1551 411 1617 dedit
439 1551 593 1638 inungere
621 1549 810 1616 Christum?
844 1552 1012 1639 Numquid
1035 1576 1097 1616 non

141 1655 258 1720 videbo
273 1654 378 1720 fllium
393 1653 534 1720 dextera
548 1677 568 1718 a
582 1652 747 1718 laboribus
761 1666 1005 1738 temperantem,
1022 1666 1098 1718 tem·

139 1770 306 1846 perantem
332 1781 353 1822 a
377 1756 537 1844 periculis,
559 1770 730 1844 antequam
758 1757 898 1821 moriar?
933 1758 992 1822 Est
1019 1755 1099 1820 mihi

142 1859 232 1924 domi
252 1859 358 1924 adhuc
379 1859 549 1926 thesaurus
570 1859 838 1945 incomparabilis,
856 1858 1025 1924 thesaurus
1043 1881 1101 1946 pa·

144 1974 245 2026 ternas
259 1958 495 2040 benedictionis,
509 1982 606 2046 quem
622 1960 712 2025 vobis
727 1981 866 2038 reservo,
878 1960 904 2025 si
919 1959 960 2024 ad
976 1975 1097 2047 patrem

141 2074 290 2148 agentem
301 2062 333 2126 in
344 2061 494 2127 extremis
505 2063 654 2148 majestas
663 2075 770 2127 vestra
780 2062 930 2148 dignetur
940 2062 1098 2127 accedere.

143 2162 307 2229 Constitui
319 2187 372 2229 vos
382 2166 415 2229 in
427 2177 523 2250 caput
536 2163 693 2249 gentium,
705 2165 816 2228 matris
828 2177 951 2242 vestrm,
964 2164 1101 2251 pedibus

143 2265 255 2331 vestris
265 2264 403 2352 subjecti
418 2265 511 2346 filios,
521 2278 555 2331 et
570 2266 676 2330 adhuc
687 2266 818 2352 quidem
829 2266 870 2331 de
882 2269 1101 2354 promptuario

142 2368 255 2454 gratiae
290 2368 453 2455 plenioris,
481 2369 559 2433 dum
590 2369 729 2434 audiatis
763 2369 956 2434 vocationem
987 2369 1102 2450 Patris,

140 2472 311 2561 adjicietur
322 2472 412 2538 vobis
428 2471 469 2536 de
481 2494 552 2537 rore
564 2473 637 2538 coeli
652 2474 800 2560 desuper,
808 2487 839 2539 et
852 2473 893 2537 da
905 2475 1101 2561 pinguedine

144 2586 237 2638 terra
252 2571 433 2638 benedictio
447 2573 622 2639 cumulata·
661 2574 754 2652 Quod
770 2574 797 2637 si
817 2575 922 2640 redire
936 2598 999 2639 non
1015 2576 1100 2652 licet,

145 2674 193 2740 vel
207 2698 273 2740 non
289 2674 405 2759 placet,
417 2674 601 2739 thesaurum
615 2676 699 2740 hunc
712 2675 802 2739 vobis
816 2675 1048 2742 restituendum
1060 2678 1102 2741 ab

144 2777 287 2856 ecclesia,
302 2775 376 2842 fidei
400 2777 503 2863 ipsius
524 2776 721 2858 commendo,
742 2791 775 2841 et
797 2800 852 2842 vos
873 2778 1105 2855 commendavi,

145 2893 174 2943 ct
195 2879 298 2966 ipsam
320 2878 411 2943 robis
432 2900 500 2942 esse
521 2877 669 2942 desidero
689 2876 952 2941 commendatam.
997 2881 1104 2941 Mater

145 2994 249 3047 vestra
268 2991 329 3058 est,
344 3002 460 3066 sponsa
475 2979 597 3047 Christi
619 2991 679 3056 est,
695 2991 726 3043 et
750 2982 864 3065 quovis
881 2978 1056 3065 gloriosior,
1071 2994 1103 3044 et

145 3081 307 3168 potentior
329 3081 522 3168 principatu,
546 3103 602 3145 uec
624 3079 775 3145 adversus
798 3104 867 3145 eam
889 3095 991 3169 portae
1012 3082 1104 3149 inferi

146 3183 378 3271 praevalebunt.
406 3186 541 3272 Accepit
562 3209 582 3249 a
603 3185 733 3251 Christo
757 3208 828 3264 suo,
852 3198 888 3251 ut
914 3184 1000 3267 illuc,
1022 3209 1105 3273 quos

147 3285 335 3363 decreverit,
360 3285 448 3351 nullo
471 3284 662 3372 prohibente
686 3286 845 3365 intrudat,
866 3301 899 3353 et
922 3287 996 3352 inde
1019 3310 1104 3376 quos

148 3388 285 3453 voluerit
305 3399 453 3475 potenter
467 3389 582 3475 ejiciat.
614 3389 647 3454 si
670 3388 782 3466 vultis,
798 3392 895 3454 immo
914 3390 992 3475 quia
1007 3391 1105 3456 vultis

149 3491 315 3557 Christum
342 3489 459 3555 habere
485 3490 673 3577 propitium,
695 3513 841 3576 sponsam
865 3494 936 3578 ejus
959 3518 1034 3579 quar
1057 3508 1105 3559 est

149 3591 290 3671 ecclesia,
299 3591 392 3678 cujus
401 3605 432 3657 et
444 3593 515 3679 ipss
524 3605 622 3678 caput
632 3606 690 3669 est,
700 3592 755 3656 illa
765 3594 847 3657 enim
857 3596 972 3681 capitis
980 3619 1106 3683 corpus,

150 3691 306 3759 studeatis
334 3692 452 3758 habere
482 3694 662 3781 propitiam.
701 3695 784 3758 Nam
812 3696 863 3761 cui
888 3696 978 3763 deest
1003 3699 1108 3783 gratia

149 3796 299 3877 ecclesioe,
315 3810 382 3863 tota
396 3798 533 3862 creatrix
551 3796 691 3863 Trinitas
705 3796 902 3866 adversatur.

192 3900 381 3984 Suggerunt
401 3899 492 3965 vobis
512 3899 570 3964 lilii
585 3899 693 3965 saeculi
714 3899 823 3986 hujus,
839 3911 876 3965 ut
894 3902 1033 3967 ecclesia
1049 3904 1107 3968 mi·

150 4000 255 4065 nuatis
270 4001 506 4080 auctoritatem,
522 4014 558 4066 ut
574 4001 664 4066 robis
680 4003 767 4087 regia
787 4003 927 4089 dignitas
941 4020 1108 4090 augeatur.

152 4106 247 4171 certe
277 4117 415 4168 vestram
446 4102 636 4191 impugnant
668 4106 876 4191 majestatem,
901 4121 933 4172 et
962 4107 1109 4195 indigna·

152 4207 268 4270 tionem
286 4205 419 4271 Domini
435 4222 621 4292 procurant,
634 4206 832 4295 quicumque
847 4224 921 4275 sunt
936 4209 995 4275 illi.
1035 4212 1108 4297 Ipse

151 4308 277 4397 estqui
300 4307 447 4373 dilatavit
475 4310 626 4375 terminos
648 4322 781 4389 vestros,
803 4311 871 4396 ipse
893 4313 949 4398 qui
972 4327 1108 4377 vestram

152 4410 301 4497 provexit
316 4409 464 4497 gloriam.
510 4412 648 4477 Omnino
669 4412 815 4496 iniquum
831 4426 878 4476 est
903 4413 929 4477 si
945 4435 1001 4477 vos
1019 4413 1112 4477 bene·

194 4533 268 4581 vor„
285 4533 311 4579 1.
623 4534 644 4578 o
