3034 5500
275 762 337 821 256
530 769 667 817 scaurus
683 765 966 813 sssnsssnrsusrs
1136 749 1178 829 [s.
1193 768 1220 812 ιι.

274 936 307 990 et
321 924 408 989 aliud
428 946 561 1007 regnum
577 923 675 987 voluit
696 922 862 984 iilustrare.
910 920 1035 983 Verum
1058 921 1220 1003 quianmc

273 1025 452 1110 apartibus
467 1023 583 1087 nostris
605 1020 764 1096 receditis,
780 1040 897 1104 precor
919 1019 1090 1098 attentius,
1104 1032 1140 1084 ut
1159 1033 1222 1084 anta

275 1125 450 1190 discessum
478 1135 616 1191 vestrum
645 1123 726 1186 mihi
756 1143 896 1206 semper,
926 1133 960 1186 et
984 1123 1108 1207 ubique
1132 1134 1222 1187 vestro

273 1248 385 1312 pacem
416 1227 585 1292 reformare
616 1225 782 1302 studeatis,
812 1237 846 1288 et
875 1225 965 1288 fratri
996 1245 1082 1289 meo.
1136 1224 1224 1290 Novit

275 1332 360 1395 enim
375 1332 537 1393 Dominus
560 1329 637 1413 quia
658 1328 743 1391 hanc
766 1325 1029 1409 indignationem
1046 1350 1098 1392 me
1113 1349 1224 1414 prome·

274 1434 374 1497 ruisse
394 1453 461 1496 non
483 1431 591 1495 credo.
636 1428 802 1494 Providete
817 1428 940 1513 itaque,
957 1440 1064 1512 pater,
1078 1430 1105 1494 si
1119 1430 1224 1513 piacet,

274 1537 308 1598 in
325 1555 389 1620 quo
405 1532 531 1600 calculo
545 1533 724 1618 relinquitis
739 1531 861 1595 amicos
875 1543 1013 1595 vestros.

321 1836 543 1903 EPISTOLA
569 1836 812 1900 CLXIIL-sn
828 1854 1020 1902 nonunruu
1038 1854 1189 1901 emossu

489 1956 750 2002 uanroususnu.
798 1933 884 2017 [sn.
910 1940 1024 2019 tlon]

598 2100 711 2162 Priori
726 2100 910 2163 Meritone.

319 2235 469 2298 Gnarus
484 2254 544 2314 ago
562 2233 663 2307 vobis,
687 2232 786 2316 quod,
803 2234 886 2296 sicut
908 2256 951 2297 ex
975 2235 1093 2299 litteris
1116 2236 1227 2311 sestn‘s,

278 2347 310 2401 et
338 2335 545 2419 plurimorum
572 2331 725 2398 relatione
753 2333 864 2413 didici,
890 2337 954 2399 mei
984 2337 1229 2402 sollicitudinem

196 2442 203 2451 '
280 2435 400 2518 geritis,
422 2447 456 2500 et
477 2457 571 2520 spero
595 2436 684 2520 quod
707 2458 766 2520 per
788 2436 1040 2501 misericordiam
1069 2437 1134 2501 Dei
1159 2438 1230 2500 mibi

279 2536 420 2622 proderit
440 2537 626 2602 sollicitudo
642 2550 755 2602 vestra.
801 2537 907 2602 Credo
922 2539 993 2624 jam
1014 2539 1183 2622 profuisse,
1201 2551 1231 2602 et

282 2640 394 2705 vestris
423 2651 456 2704 et
484 2641 659 2704 amicorum
690 2641 815 2704 ascribo
845 2642 1011 2725 precibus,
1041 2641 1129 2725 quod
1158 2641 1231 2705 mihi

280 2765 432 2830 prospere
447 2752 613 2808 cesserunt
633 2764 745 2807 omnes
761 2742 831 2807 dies
852 2743 1126 2827 peregrinationis
1147 2766 1230 2808 mee.

281 2848 328 2911 Et
342 2847 417 2933 quia
432 2868 482 2910 me
500 2856 635 2910 vestrum
652 2866 778 2930 semper
792 2855 825 2909 et
839 2845 961 2930 ubique
981 2861 1111 2930 reputo,
1126 2866 1231 2931 precor

281 2950 445 3027 attentius,
469 2957 505 3012 ut
530 2968 588 3032 pro
609 2969 661 3011 me
684 2946 885 3012 intercedatis
910 2947 950 3012 ad
978 2947 1171 3025 Dominum,
1194 2969 1231 3011 ne

282 3074 333 3116 me
349 3074 446 3137 supra
459 3051 492 3114 id
508 3052 595 3135 quod
619 3071 750 3135 possum
774 3052 887 3115 tentari
909 3052 1063 3134 patiatur,
1080 3049 1140 3116 sed
1162 3073 1230 3116 cum

282 3155 459 3218 tentatione
483 3163 670 3237 proventum
692 3154 827 3218 faciam:
855 3153 998 3238 quando,
1018 3164 1053 3216 et
1073 3154 1231 3238 quomodo

281 3255 345 3319 sibi
357 3256 460 3317 risum
475 3265 534 3334 est,
549 3255 576 3319 si
593 3266 699 3319 tamen
714 3256 777 3318 hoc
796 3255 895 3318 risum
911 3255 1018 3329 fuerit,
1037 3278 1089 3319 me
1104 3256 1232 3321 reducat

280 3359 315 3420 in
331 3368 444 3421 terram
459 3359 636 3423 nativitatis
651 3379 730 3422 mem
745 3360 814 3422 sine
835 3356 1009 3443 dispendio
1030 3360 1231 3424 conscientie

282 3471 312 3523 et
328 3460 433 3538 famae,
447 3470 479 3522 et
498 3471 689 3546 conceptam
710 3459 966 3544 indignationem
990 3460 1119 3525 domini
1141 3462 1232 3544 regis,

282 3561 337 3645 qui
352 3582 415 3639 me,
430 3560 572 3625 Domino
587 3573 620 3627 et
634 3563 832 3627 conscientia
850 3576 942 3638 teste,
958 3564 1058 3646 gratis
1080 3560 1140 3628 diu
1163 3584 1231 3648 per·

282 3673 437 3749 sequutus
452 3675 512 3742 est,
527 3678 559 3729 et
581 3664 686 3729 adbuc
704 3665 916 3749 persequitur,
938 3665 1075 3746 mitiget.
1121 3664 1232 3729 Pareat

283 3768 330 3831 illi
346 3769 447 3847 Deus,
461 3778 493 3831 et
507 3787 574 3831 non
589 3767 674 3832 sinat
695 3779 731 3832 ut
752 3768 895 3851 procella
916 3766 1056 3830 turbinis
1075 3766 1174 3851 hujus
1194 3767 1232 3831 ab
1253 3801 1262 3820 ·

283 3871 390 3934 animo
405 3891 476 3934 meo
492 3871 638 3934 excutiat
648 3870 825 3933 caritatem.
870 3866 1013 3933 Confido
1025 3879 1133 3932 sutem
1149 3865 1232 3952 quod

282 3970 431 4034 dominus
446 3969 684 4035 Londoniensis
698 3981 730 4034 et
751 3969 998 4034 archidiaconus
1014 3968 1234 4047 Pictariensis,

281 4071 308 4133 si
324 4072 596 4156 opportunitatem
613 4073 758 4151 viderint,
774 4086 869 4156 sgent
884 4070 923 4135 de
938 4092 1020 4154 pace
1035 4093 1118 4135 mea.
1164 4073 1230 4135 Nec

283 4170 394 4234 diffido
410 4174 449 4236 de
464 4173 608 4238 Ricardo
623 4174 663 4237 de
678 4175 771 4238 Luci.
815 4175 932 4237 Precor
947 4171 1058 4255 itaque
1075 4187 1110 4236 ut
1124 4184 1157 4238 et
1171 4192 1232 4248 roa,

282 4272 310 4335 si
325 4273 596 4358 opportunitatem
614 4274 767 4353 videritis,
788 4276 867 4338 istos
889 4296 945 4358 pro
967 4295 1019 4335 me
1041 4273 1230 4346 sollicitetis,

282 4388 439 4459 quatenus
469 4386 575 4438 tamen
605 4376 751 4439 ecciesiae
782 4386 893 4441 vestrae
928 4396 994 4438 non
1033 4372 1229 4439 credideritis
