3034 5500
159 772 358 853 1¹59-le
579 792 755 840 aristosa.

451 1013 671 1078 EPISTOLA
697 1015 835 1077 LXVlI.

194 1154 249 1218 Ex
269 1155 458 1219 testimonio
479 1166 583 1217 restro
605 1155 795 1240 accepimus,
815 1156 892 1242 quia
915 1156 1011 1224 latrix
1034 1183 1114 1244 prae·

152 1256 298 1337 sentium,
314 1279 334 1320 a
355 1255 484 1334 elerico,
499 1256 551 1318 cui
575 1256 776 1319 matrimonio
789 1259 904 1344 juncta
926 1275 1005 1337 erat,
1024 1261 1114 1326 dere-

152 1358 223 1422 licta
237 1358 330 1423 alteri
347 1358 472 1444 nupsit,
488 1370 573 1422 etex
590 1381 627 1420 eo
642 1362 782 1443 suscepit
797 1360 921 1425 liberos.
968 1362 1110 1430 Clericus

153 1483 223 1524 vero
246 1483 383 1546 peregre
406 1473 548 1524 moratus
574 1461 606 1523 in
634 1460 829 1525 sacerdotem
857 1479 1024 1548 promotus
1049 1481 1110 1543 est,

153 1585 374 1650 reversusque,
391 1586 503 1640 uxore,
519 1585 615 1649 quam
639 1563 789 1640 duxerat,
809 1580 1000 1652 contempta,
1015 1571 1113 1654 coepit

153 1662 181 1726 in
202 1663 376 1729 sacerdotii
392 1660 506 1727 ordine
528 1664 717 1728 ministrare.
765 1667 873 1740 Quum
895 1688 970 1728 vero
990 1679 1054 1729 tarn
1070 1691 1110 1732 ex

152 1789 262 1829 eorum
286 1767 493 1847 confessione,
513 1789 608 1852 quam
632 1788 676 1831 ex
699 1765 840 1850 legitima
864 1768 993 1832 testium
1017 1793 1114 1834 asser-

154 1866 242 1930 tione
264 1880 401 1947 oonstet,
422 1870 522 1954 ipsam
545 1890 620 1930 oum
644 1867 759 1931 clerico
781 1869 1016 1933 matrimonium
1040 1894 1114 1934 eon-

153 1967 302 2044 traxisse,
326 1967 455 2053 planum
480 1981 526 2031 est
551 1969 630 2053 quia
656 1968 796 2032 secundo
821 1969 936 2032 marito
961 1970 1110 2058 deinceps

151 2068 317 2132 adhaerere
332 2091 394 2133 non
410 2079 525 2155 potest.
561 2070 655 2147 Quod
671 2071 753 2134 enim
770 2071 903 2134 clericus
918 2095 951 2134 se
967 2086 1109 2159 tempore

149 2172 303 2235 contracti
315 2170 510 2235 matrimonii
522 2171 752 2236 subdiaconum
764 2144 861 2237 faiise
871 2176 995 2252 asserit,
1007 2200 1107 2261 quum

151 2273 210 2340 lroc
238 2274 369 2360 probari
396 2287 545 2358 nequeat,
572 2289 703 2339 eatenus
730 2275 865 2361 proiicit,
894 2291 930 2342 ut
956 2279 1109 2363 indignus

149 2389 316 2441 censeatur
338 2375 450 2439 ordine
471 2398 567 2461 quem
594 2376 794 2461 contempsit,
820 2402 876 2442 nec
904 2382 1114 2465 permittatur

149 2476 180 2538 in
196 2500 234 2540 eo
249 2477 441 2554 ministrare,
457 2500 552 2562 quem
569 2480 760 2563 conjugatus
775 2480 884 2544 illicita
901 2484 1107 2567 usurpatione

147 2579 362 2664 praesumpsit.
424 2579 588 2665 Siquidem
624 2596 747 2646 constat
778 2607 879 2668 quum
914 2607 954 2646 ex
986 2587 1106 2665 multis,

146 2694 213 2744 tum
236 2704 277 2745 ex
298 2681 437 2744 secundo
459 2681 590 2744 coneilio
613 2681 780 2761 Toletano,
798 2684 883 2769 quod
907 2687 1039 2772 eosqui
1063 2688 1104 2751 ad

146 2784 412 2850 subdiaconatum
439 2784 605 2862 accedunt,
628 2800 755 2871 oportet
781 2787 1006 2850 continentiam
1034 2810 1106 2871 pro-

145 2884 239 2950 fiteri.
287 2888 436 2973 Itemque
461 2910 500 2950 ex
527 2887 659 2951 concilio
684 2887 863 2950 Arelatensi
891 2886 1015 2973 liquet,¹
1030 2888 1105 2973 quia

143 2988 263 3053 assumi
295 2989 434 3074 aliquem
462 2990 705 3073 conjugatorum
733 2988 775 3053 ad
803 2989 1013 3052 sacerdotium
1041 3012 1104 3051 non

143 3104 285 3175 oportet,
312 3093 371 3155 nisi
401 3090 499 3154 fuerit
529 3091 692 3176 praemissa
722 3091 903 3154 conversio:
929 3091 1013 3154 unde
1044 3091 1103 3155 nisi

144 3214 228 3255 uxor
258 3191 484 3255 continentiam
515 3213 612 3276 quam
646 3214 759 3254 vovere
792 3190 859 3254 vult
890 3195 1101 3276 praeeligoret‚

142 3292 358 3377 proculdubio
388 3293 487 3378 priori
518 3292 586 3355 viro
616 3292 813 3357 restituenda
845 3307 938 3369 esset,
967 3294 1102 3380 ipseque

141 3395 314 3459 sacerdotii
338 3394 612 3458 administratione
633 3393 786 3479 privatus,
805 3395 947 3480 corporis
969 3397 1019 3459 sui
1043 3420 1099 3481 po

142 3506 289 3561 testatem
310 3496 408 3581 juxta
428 3509 572 3559 sanctum
594 3494 773 3579 apostolum
794 3495 973 3579 indulgeret
996 3497 1100 3560 uxori.

143 3589 224 3660 Hoc
238 3597 322 3660 euim
346 3610 377 3661 et
401 3597 514 3661 beatus
541 3596 708 3679 Eugenius
730 3596 762 3691 ip
784 3618 881 3659 causa
903 3596 996 3659 simili
1018 3597 1099 3660 diffi-

140 3696 232 3778 nivit,
256 3698 372 3782 utqui
396 3696 504 3761 relicta
528 3719 626 3759 uxore
652 3697 692 3758 ad
720 3695 975 3780 presbyteratum
1000 3720 1101 3761 acees-

140 3813 234 3875 serat‚
251 3798 384 3862 avulsus
398 3798 439 3862 ab
458 3796 549 3862 altari
572 3796 689 3859 rediret
704 3795 744 3858 ad
761 3795 898 3860 officium
920 3799 1097 3883 coujugale,

139 3900 244 3987 quoad
285 3922 368 3963 uxor
404 3898 498 3961 vellet
533 3897 757 3962 continentiam
795 3899 944 3983 profiteri.
1002 3904 1097 3963 Nunc

137 4017 255 4082 autern,
286 4001 365 4087 quia
395 3999 529 4062 clericus
565 4000 597 4061 in
634 3997 833 4062 ordinatione
870 4001 1095 4065 continentiam

139 4106 235 4186 vovit,
250 4117 285 4169 et
304 4124 388 4167 uxor
404 4115 514 4166 votum
538 4101 643 4164 mariti
666 4101 708 4164 ob
730 4124 867 4165 amorem
884 4103 1049 4183 castitatis,
1064 4117 1097 4168 et

138 4230 220 4293 spem
237 4202 442 4293 poenitentioe
457 4203 641 4278 fructuosae,
659 4216 763 4267 ratum
786 4204 880 4267 habet
905 4219 935 4268 et
954 4219 1095 4289 gratum,

137 4308 279 4374 imminet
297 4304 430 4388 utrique
446 4289 820 4383 necessitascontinendi,
836 4319 868 4368 et
884 4304 1037 4368 sacerdoti
1053 4305 1094 4365 ad

135 4432 272 4493 presens
290 4405 452 4493 praeclusa
466 4419 513 4469 est
529 4406 656 4469 licentia
672 4406 880 4470 ministrandi.
928 4406 989 4480 Qui
1010 4404 1092 4467 enim
