3034 5500
294 729 404 810 lton]
693 751 872 798 nersrona.
1189 749 1251 806 947

287 900 525 982 respondemus
555 903 681 979 affectu,
714 907 804 970 Deus
842 921 947 972 autem
979 911 1094 974 caritas
1130 928 1246 977 nostrae

282 1002 411 1066 caritati
442 1003 656 1086 proculdubio
686 1008 895 1089 respondebit
925 1013 1051 1090 effectu,
1082 1028 1117 1077 ut
1146 1015 1244 1099 juxta

284 1101 375 1188 quod
398 1105 557 1187 promisit,
583 1127 761 1170 mensuram
785 1111 903 1174 bonam
928 1122 959 1174 et
986 1115 1189 1195 coagitatam,
1212 1130 1242 1179 et

284 1205 570 1288 supereffluentem
590 1207 737 1272 refundat
751 1210 783 1271 in
806 1212 910 1274 sinum
927 1225 1076 1277 vestrum.
1122 1218 1160 1279 In
1178 1240 1240 1301 qna

286 1319 394 1370 autern
432 1306 617 1371 conditione
654 1324 792 1373 versetur
829 1334 926 1377 causa
962 1328 1074 1395 restra,
1111 1317 1241 1382 domino

283 1407 442 1492 episcopo
457 1410 581 1493 scripsi,
598 1421 630 1473 et
644 1412 764 1475 exinde
784 1436 855 1497 quae
879 1415 965 1479 cirea
987 1438 1046 1479 nos
1060 1430 1134 1482 sunt
1149 1421 1241 1483 nobis

284 1508 415 1591 plenius
425 1510 640 1575 innotescent:
657 1533 771 1595 precor
783 1515 891 1598 itaque
908 1526 942 1577 ut
953 1519 1240 1599 peregrinationem

284 1622 428 1675 nostram
442 1613 553 1675 vestris
564 1624 597 1676 et
606 1628 786 1678 sanctorum
804 1617 858 1698 qui
876 1618 962 1699 apud
974 1640 1029 1681 ros
1040 1633 1114 1683 sunt
1125 1622 1239 1685 oratio·

284 1713 383 1775 nibus
405 1713 572 1798 adjuvetis,
593 1738 633 1779 ne
654 1715 782 1781 deficiat
804 1717 886 1781 fides
906 1730 1022 1796 nostra,
1039 1732 1094 1783 aut
1116 1722 1237 1805 aliquid

283 1814 441 1879 faciamus
456 1815 497 1878 ad
514 1817 675 1880 turbinem
691 1818 786 1901 hujus
801 1820 962 1901 procellae,
977 1820 1063 1883 unde
1079 1822 1239 1887 Dominus

279 1914 476 1993 offendatur,
490 1917 548 1980 sed
569 1918 657 2002 quod
679 1941 772 1982 suurn
788 1930 837 1983 est
851 1921 957 2000 iaciat,
972 1943 1046 1985 cum
1062 1924 1237 1988 tentatione

281 2017 381 2081 diam
401 2029 607 2101 proventum:
632 2032 663 2084 et
681 2020 810 2103 quidem
826 2021 894 2105 jam
918 2023 1017 2105 coepi,
1033 2024 1108 2106 quia
1129 2037 1160 2088 et
1181 2026 1236 2090 de·

283 2117 444 2181 votionem
460 2120 596 2184 contulit
611 2142 667 2203 pro
677 2120 804 2203 justitia
818 2121 973 2204 patiendi,
985 2134 1017 2185 et
1031 2125 1234 2188 acerbitatem

281 2219 439 2304 mitigavit
463 2222 569 2284 exilii:
606 2223 706 2284 levius
735 2224 821 2285 enim
848 2234 896 2286 est
926 2225 1022 2287 modo
1049 2246 1146 2308 quam
1176 2227 1235 2290 suit

280 2319 335 2385 die
366 2324 477 2405 prima
532 2324 698 2407 Numquid
725 2325 811 2388 enirn
838 2325 961 2409 aliquid
989 2326 1089 2391 defuit
1115 2327 1232 2391 nobis?

281 2444 390 2486 nonne
401 2427 486 2488 enirn
502 2427 611 2508 plures
626 2426 781 2489 habemus
797 2427 893 2489 modo
910 2440 1002 2491 notos
1013 2441 1046 2491 et
1057 2430 1235 2506 familiares,

278 2526 384 2610 etqui
403 2547 544 2589 amorem
567 2548 662 2610 quem
685 2525 881 2610 profitentur,
899 2530 1074 2592 officiorum
1090 2544 1122 2593 et
1135 2532 1234 2593 bene-

280 2625 428 2691 ficiorum
449 2629 647 2692 exhibitione
667 2628 891 2692 declararunt?
931 2632 1075 2694 Affernnt
1096 2653 1172 2712 ergo
1193 2632 1233 2695 ad

278 2729 399 2793 amoris
415 2731 711 2814 comprobationem
735 2730 951 2793 testimonium
971 2731 1073 2814 majus
1089 2733 1233 2795 Joanne:

277 2832 477 2914 operaenim
501 2853 572 2915 quae
594 2832 666 2915 ipsi
680 2832 803 2895 faciunt
825 2831 1038 2894 testimonium
1064 2833 1232 2915 perhibent

278 2935 321 2997 de
336 2934 391 2997 eis.

278 3196 502 3261 EPISTOLA
527 3197 924 3261 CLVI.-an1ncannnu
942 3214 1098 3260 rnarnsu
1116 3215 1218 3260 SUUM.

649 3299 693 3378 [A.
706 3318 737 3362 n.
758 3298 868 3377 lton]

633 3436 671 3496 R.
689 3435 803 3496 Fratri
817 3456 883 3497 ano.

320 3555 402 3618 Turi
418 3556 587 3639 perpaucis
608 3555 733 3638 scripsi,
749 3556 825 3638 qnia
842 3567 957 3617 statum
980 3577 1085 3618 mcum
1101 3568 1163 3620 tani
1187 3581 1229 3622 ex

278 3656 394 3721 litteris
416 3656 545 3718 domino
569 3655 724 3738 episcopo
746 3655 861 3729 missis,
879 3676 974 3738 quam
997 3678 1040 3717 ex
1063 3655 1134 3738 ipsa
1150 3679 1229 3722 voce

277 3758 388 3821 latoris
417 3779 581 3840 agnosces.
627 3758 734 3829 Quum
765 3778 838 3818 vero
869 3756 945 3839 quid
971 3758 1070 3820 relatu
1096 3758 1228 3838 dignum

277 3860 450 3939 emerserit,
475 3858 556 3923 illud
586 3858 848 3941 tibi·significare
879 3879 944 3920 non
975 3858 1128 3921 differam.
1177 3860 1228 3924 Tu

276 3983 351 4026 vero
366 3962 492 4025 interim
505 3962 673 4025 consilium
690 3973 722 4024 et
738 3961 932 4024 voluntatem
948 3960 1069 4024 domini
1085 3961 1229 4045 episcopi

275 4073 310 4126 et
343 4062 524 4145 M[agistri]
566 4063 759 4143 Bialdwini]
798 4061 1024 4125 Archidiaconi
1062 4062 1229 4145 diligenter

274 4167 420 4248 explora,
446 4178 478 4229 et
504 4166 644 4230 animum
675 4167 808 4229 aliorum
833 4165 1019 4239 amicorum,
1048 4177 1082 4227 ut
1110 4186 1151 4227 ex
1178 4166 1229 4227 his

277 4278 407 4330 auctore
432 4268 574 4330 Domino
598 4279 652 4330 aut
674 4268 839 4339 rescribas,
867 4278 922 4330 aut
948 4265 1116 4350 exequaris
1142 4265 1228 4348 quod

277 4367 417 4431 maxime
435 4369 593 4431 videbitur
605 4368 764 4451 expedire.
798 4370 866 4430 Noc
881 4389 974 4449 super
989 4387 1061 4428 meo
1075 4364 1230 4427 movearis
