3034 5500
281 784 389 858 troo]
665 799 842 843 sorssors.
1172 787 1233 847 sal

278 964 336 1028 est,
351 952 445 1035 cujus
460 954 630 1016 occasione
652 962 790 1034 pereunt
812 951 923 1017 multi:
955 953 1061 1036 etqui
1083 951 1236 1037 praeordi-

278 1053 346 1115 nati
358 1062 432 1115 sunt
443 1063 517 1136 post
528 1051 707 1134 triumphos
720 1053 890 1134 gloriosius
901 1062 1100 1117 coronantur.
1138 1051 1236 1116 Unde

276 1165 309 1217 et
338 1155 428 1216 naris
457 1155 544 1217 Petri
574 1153 665 1237 quasi
701 1153 844 1216 Domino
874 1153 1054 1218 dormiente
1083 1153 1237 1218 fluctibus

279 1255 371 1317 variis
394 1277 478 1338 saepe
503 1255 681 1318 colliditur:
712 1254 769 1317 sed
791 1256 868 1338 quia
890 1255 931 1318 de
956 1255 1085 1319 Christo
1108 1265 1235 1320 vectore

279 1355 425 1432 confidit,
439 1377 567 1440 semper
582 1354 621 1420 ad
639 1355 749 1419 salutis
765 1357 915 1438 enavigat
928 1366 1064 1438 portum.

322 1460 392 1521 Nec
410 1458 571 1539 ambigitis
587 1457 664 1540 quin
681 1457 759 1518 etin
784 1456 890 1518 medio
905 1456 1011 1529 vestri,
1029 1452 1234 1521 coloniensis

279 1559 436 1622 Ecclesiae
459 1559 545 1636 dico,
566 1579 632 1621 non
656 1567 720 1619 tam
742 1556 840 1618 lateat
862 1555 1042 1634 anathema,
1064 1557 1156 1639 quasi
1178 1558 1236 1621 ali·

279 1681 374 1744 quam
410 1661 474 1723 Dei
503 1657 711 1721 reverentiam
747 1663 782 1718 et
817 1656 984 1719 hominum
1012 1658 1236 1723 verecundiam

278 1761 413 1837 habens,
429 1781 524 1843 quam
549 1755 689 1821 insaniat
712 1764 744 1819 et
768 1757 879 1819 saeviat
900 1756 1051 1821 advorsus
1074 1758 1180 1822 Deum
1203 1767 1238 1822 et

278 1860 438 1924 Ecclesiae
453 1859 625 1921 unitatem:
650 1857 817 1941 presertim
835 1879 934 1940 quum
954 1859 1013 1921 toti
1036 1858 1157 1922 mundo
1172 1861 1236 1924 fere

275 1963 346 2047 jam
362 1960 538 2022 innotuerit
552 1971 690 2042 quantus
705 1967 906 2041 contemptor
926 1957 1083 2024 Ecclesiae
1099 1981 1237 2044 semper,

280 2071 421 2145 quantus
436 2061 593 2133 incentor,
606 2069 639 2122 et
654 2069 766 2121 auctor
781 2058 971 2132 schismatis,
986 2080 1029 2122 cx
1041 2082 1105 2143 quo
1120 2063 1237 2144 potuit,

279 2165 340 2227 suit
354 2163 409 2224 ille
434 2162 635 2225 Coloniensis
660 2168 872 2244 presumptor
894 2162 1063 2238 Ecclesiae,
1078 2164 1238 2228 maximus

278 2267 361 2328 inter
375 2266 516 2326 locustas
531 2262 654 2338 hestiae,
670 2281 804 2344 quarum
828 2269 970 2345 potestas
985 2274 1035 2326 est
1050 2263 1083 2325 in
1106 2264 1238 2348 linguis,

280 2382 311 2432 et
337 2365 450 2430 caudis
475 2385 593 2428 earum,
648 2363 819 2426 Deiecerat
842 2365 928 2427 enim
947 2365 1098 2442 schisma,
1120 2389 1235 2451 pacem

281 2470 383 2531 suerat
406 2477 558 2548 tyrannus
573 2474 678 2526 vester
700 2463 858 2526 Ecclesiae
874 2463 1064 2543 redditurus,
1079 2465 1143 2530 nisi
1163 2490 1237 2533 eum

282 2568 420 2634 Colonia
445 2566 541 2628 ctiam
567 2563 672 2626 adhuc
695 2562 846 2625 adversus
871 2563 1055 2626 Ecclesiam
1078 2566 1236 2644 incitaret,

281 2678 316 2731 ut
339 2667 408 2750 pari
423 2676 496 2725 voto
518 2682 582 2724 non
607 2671 672 2722 tam
695 2658 811 2724 summi
833 2659 996 2739 pontificis
1016 2661 1123 2739 vitam,
1139 2684 1237 2746 qnam

281 2768 367 2831 Petri
407 2765 594 2847 dignitatem
636 2770 793 2825 conentur
833 2760 1033 2841 extinguere,
1070 2761 1233 2830 dicentes:

282 2871 461 2951 Allipemtts
472 2868 615 2950 justum,
631 2865 783 2945 quoniam
799 2863 929 2925 inutilis
942 2868 990 2925 est
1003 2863 1113 2926 nobis:
1133 2869 1237 2931 scien·

282 2974 363 3033 tiam
393 2972 520 3031 ciorum
548 2969 615 3030 Dei
643 2967 805 3042 nolumus,
830 2983 935 3043 recem
965 2967 1142 3030 nescientes
1170 2971 1237 3034 noi

285 3074 454 3135 Cesarem.
499 3072 550 3131 Eo
571 3068 656 3131 enim
680 3065 731 3144 (ut
753 3067 857 3147 aiunt)
873 3065 1039 3147 proposito
1054 3067 1087 3129 in
1108 3068 1236 3135 Italiam

282 3174 418 3259 profecti
433 3184 517 3247 sunt,
532 3181 567 3234 nt
582 3171 789 3234 Cremensem
811 3167 1053 3231 haeresiarcham
1073 3170 1237 3238 intrudant

282 3277 315 3338 in
339 3276 447 3338 sedem
470 3272 567 3347 Petri,
583 3281 615 3334 ct
630 3271 785 3334 vicarium
809 3269 928 3333 Christi
950 3280 1005 3334 aut
1027 3274 1236 3355 comprehen-

284 3376 371 3452 dant,
388 3385 442 3437 aut
464 3372 603 3456 ejiciant,
619 3381 673 3433 aut
695 3369 853 3432 occidant.
898 3370 1114 3434 Veruntamen
1134 3374 1236 3438 oratio

283 3476 352 3539 sine
372 3472 606 3536 intermissione
627 3470 663 3532 fit
683 3471 723 3532 ab
746 3468 897 3533 Ecclesia
921 3468 960 3532 ad
980 3471 1087 3534 Deum
1108 3493 1167 3555 pro
1187 3496 1238 3556 eo,

283 3588 318 3640 ut
334 3573 575 3658 supramodum
597 3572 706 3634 timere
726 3592 792 3634 non
813 3571 931 3634 debeat
945 3591 965 3633 a
979 3570 1105 3637 duabus
1124 3575 1238 3641 caudis

283 3677 505 3758 fumigantium
530 3674 689 3751 titionum,
715 3672 886 3736 Frederico
912 3681 945 3735 et
970 3673 1159 3754 Reginudo,
1181 3678 1237 3760 qui

284 3788 444 3862 ponentes
480 3796 607 3838 carnem
637 3774 804 3837 brachium
834 3796 936 3851 suum,
961 3786 1107 3837 sanctum
1137 3777 1238 3842 lsrael

284 3880 504 3963 blasphemare
532 3899 596 3939 non
623 3885 759 3938 cessant.
805 3874 953 3939 Profecto
979 3877 1038 3938 ubi
1060 3876 1237 3944 humanum

284 3981 383 4060 deest,
404 3980 545 4043 divinum
566 3977 722 4042 auxilium
743 3975 989 4041 necessitatibus
1008 3979 1153 4044 ecclesie
1175 3982 1239 4045 suf·

284 4082 431 4166 fragatur.
477 4081 585 4143 Nemo
608 4099 699 4142 suum
724 4077 924 4142 fraudulenta
947 4080 1115 4143 verborum
1138 4103 1238 4147 excu-

285 4186 407 4249 satione
445 4194 567 4247 tueatur
601 4201 748 4255 errorem,
779 4180 998 4261 voluptatibus
1028 4182 1095 4244 suis
1130 4184 1238 4248 nullus

286 4283 472 4369 applaudat,
493 4282 568 4366 quia
589 4281 680 4343 Deus
699 4302 766 4344 non
789 4278 943 4356 irridetur,
959 4279 1016 4362 qui
1036 4301 1100 4342 non
1123 4300 1238 4345 secun·

287 4388 362 4451 dum
376 4386 531 4450 visionem
542 4382 668 4466 judicat
683 4383 863 4446 oculorum:
881 4401 941 4444 noc
957 4379 1100 4445 auditam
1114 4382 1236 4447 auriam
