3034 5500
145 761 347 842 rtur-65.J
538 779 716 824 ammona.
1041 771 1102 829 193

142 931 284 996 abliliter
315 953 555 1011 conservamus,
583 932 687 1013 gravis
717 942 749 994 et
778 954 911 997 onerosa
941 935 1100 999 incumbit

141 1035 330 1110 necessitas,
340 1057 438 1119 quam
449 1043 550 1096 vestra
565 1033 674 1115 gratia,
686 1033 726 1094 de
742 1055 807 1116 qua
816 1036 985 1116 plurimum
997 1037 1097 1099 confi·

143 1131 262 1208 dimus,
277 1152 455 1216 speramus,
477 1143 508 1193 et
526 1131 665 1213 petimus
687 1131 854 1194 sublevari.
900 1133 984 1194 Nam
1009 1131 1096 1215 qnod

143 1232 278 1296 sortasse
300 1233 509 1307 mirabimini,
532 1230 652 1294 addicti
676 1249 786 1293 sumus
816 1233 925 1305 exilio,
949 1245 981 1296 et
1001 1235 1034 1296 in
1057 1257 1096 1296 eo

137 1333 211 1418 jugi
234 1336 444 1399 sollicitamur
466 1346 496 1397 et
512 1344 693 1417 torquemur
715 1334 869 1413 angustia.
914 1335 947 1397 si
964 1336 1096 1418 quidem

144 1437 282 1499 clericus
312 1436 441 1519 quidam
472 1436 566 1498 nobis
596 1437 691 1516 longe
720 1456 845 1517 semper
874 1436 1097 1514 amicissimus,

144 1538 238 1621 cujus
260 1539 371 1600 omnia
394 1550 457 1600 tarn
481 1558 644 1620 prospera,
669 1557 764 1619 quam
787 1535 919 1599 adversa
948 1560 967 1600 a
989 1541 1098 1602 multis

143 1651 228 1703 retro
258 1641 456 1722 temporibus
477 1652 586 1702 nostra
607 1650 692 1710 sunt,
720 1639 893 1701 litterarum
920 1641 1098 1704 eruditione

144 1753 176 1804 et
191 1762 313 1804 morum
330 1741 508 1819 honestate,
524 1751 612 1804 tanto
635 1741 762 1803 cunctis
784 1742 955 1823 probatior,
978 1754 1098 1826 quanto

142 1844 259 1921 notior,
275 1845 315 1907 ab
333 1844 450 1924 Anglia
461 1844 571 1906 exulat
586 1841 671 1925 apud
687 1863 758 1913 nos,
769 1853 867 1904 ctnos
883 1841 970 1905 domi
982 1856 1097 1907 nostrae

144 1944 315 2008 exulemus
344 1966 417 2008 curu
447 1945 512 2006 illo.
558 1941 703 2005 Sustinet
731 1942 816 2004 enirn
846 1942 1098 2024 indignationem

144 2047 229 2129 regis
245 2047 384 2128 Angliae,
400 2066 467 2108 non
482 2066 539 2108 suo
556 2044 686 2126 quidem
697 2045 820 2122 merito,
838 2054 872 2106 ut
887 2041 928 2106 de
943 2056 1051 2108 nostra
1066 2058 1098 2109 et

145 2147 248 2232 ipsius
271 2149 442 2232 loquamur
467 2145 673 2218 conscientia,
696 2144 752 2207 sed
777 2146 853 2228 quia
880 2147 1020 2208 Domino
1041 2169 1098 2210 suo

143 2248 367 2313 Cantauriensi
378 2249 630 2330 archiepiscope,
640 2248 834 2330 utoportuit‚
846 2249 981 2312 servivit.
1007 2251 1038 2312 Is
1048 2261 1097 2312 est

145 2352 296 2434 magister
310 2352 453 2414 Joannes
477 2349 518 2411 de
541 2349 731 2424 Saresberia,
746 2350 865 2411 bonum
881 2346 1096 2414 testimonium

143 2453 270 2517 babens
297 2454 331 2515 in
356 2453 499 2535 partibus
525 2451 703 2514 cismarinis
725 2460 757 2512 et
780 2453 1004 2514 transmarinis.
1051 2455 1097 2516 Ut
1189 2438 1196 2449 ’

145 2575 220 2636 ergo
243 2577 263 2618 a
291 2555 487 2637 nobisipsis
516 2566 578 2615 tam
603 2553 733 2635 proprii,
765 2575 860 2636 quam
890 2554 985 2616 sutun‘
1009 2554 1098 2616 exilii

146 2655 322 2719 amoveatis
345 2655 519 2735 angustias,
542 2653 704 2716 dilectioni
727 2664 838 2714 vestrm
855 2654 1008 2716 attentius
1023 2676 1100 2737 sup·

146 2759 316 2841 plicamus,
338 2769 374 2819 ut
388 2778 459 2820 eum
483 2758 662 2819 interventu
686 2754 813 2816 comitis
837 2753 1045 2816 Flundrensis
1067 2769 1099 2818 et

144 2871 263 2937 restro,
278 2860 489 2923 reconcilietis
511 2857 576 2939 regi
594 2858 781 2938 Anglorunr,
798 2867 830 2918 et
851 2856 935 2917 sieut
957 2855 1100 2920 videritis

145 2960 308 3045 expedire,
323 2959 353 3022 ei
368 2959 487 3021 litteras
502 2958 585 3038 regis
600 2966 747 3039 patentes
763 2955 965 3038 perquiratis,
981 2956 1099 3037 quibus

146 3084 260 3127 secure
272 3060 391 3137 redeat,
402 3072 434 3123 et
446 3061 511 3123 suis
521 3059 554 3121 in
565 3078 645 3140 pace
657 3057 778 3119 fruatur
789 3056 893 3119 bonis.
917 3056 1099 3140 Sciatisque

145 3187 205 3249 pro
228 3174 317 3228 certo
339 3163 414 3246 quia
436 3182 495 3224 nos
516 3161 549 3223 in
571 3161 662 3222 nulla
682 3181 715 3221 re
738 3158 839 3239 magis
860 3157 1004 3239 poteritis
1028 3180 1099 3241 pro·

146 3266 272 3344 mereri,
287 3286 347 3327 nec
374 3273 423 3327 est
444 3261 530 3346 quod
555 3261 772 3332 dissimuletis,
790 3260 865 3343 quia
887 3269 1013 3322 constat
1027 3262 1100 3343 plu·

147 3370 249 3445 ribus,
277 3376 466 3451 potestatem
496 3364 588 3426 vobis
614 3384 684 3425 esse
715 3364 875 3439 collatam,
897 3362 923 3423 si
954 3364 1100 3427 voluutas

148 3471 295 3535 adfuerit.

169 3673 391 3738 EPlSTOLA
415 3670 707 3735 cxxxvii-n>
722 3688 881 3733 urrunnu
898 3688 1085 3733 nnrscornn

517 3787 732 3832 nortmannus.

451 3942 589 4006 Domino
602 3939 809 4024 Morinerrsi„

190 4066 370 4129 Taurarro
407 4062 505 4125 fidem
535 4061 660 4144 probat,
690 4073 722 4123 et
750 4060 877 4123 affectio
913 4060 1029 4122 mentis
1058 4081 1100 4122 ex

151 4166 302 4251 operibus
319 4163 504 4227 fidelissime
519 4160 703 4237 innotescit,
718 4171 751 4223 et
766 4159 895 4245 quidem
913 4180 1011 4241 quum
1034 4170 1103 4222 tota

150 4267 403 4342 Cantauriensis,
412 4265 510 4327 immo
522 4260 698 4343 Anglorum
712 4262 849 4325 ecclesia
857 4260 955 4322 fidem
965 4273 1103 4321 vestram

149 4382 284 4456 experta
314 4369 365 4445 sit,
388 4380 420 4431 et
449 4367 617 4451 probatam
644 4364 717 4447 jure
748 4362 931 4446 aequissimo
955 4358 1110 4442 praedicet

187 4493 262 4539 Ἴθι.
284 4492 309 4536 1.
620 4484 639 4526 0
