3034 5500
146 751 252 831 trud]
535 770 712 816 srrsrota.
1038 755 1097 815 att

145 935 178 988 et
197 945 239 988 ne
262 921 345 1008 quid
369 921 409 985 de
432 931 546 986 caetero
569 923 693 985 veritati
720 923 916 986 subtractum
940 925 991 1001 sit,
1014 922 1100 1007 quod

144 1026 306 1090 Ecclesiae
322 1023 546 1110 periculosius,
560 1034 593 1087 et
607 1025 667 1087 sibi
689 1024 900 1107 pemiciosius
924 1035 983 1102 est,
998 1026 1100 1103 illum,

143 1127 238 1213 cujus
252 1128 360 1191 inesse
375 1125 524 1209 gerimus,
535 1127 686 1210 conspuit
697 1126 871 1191 Christum.
911 1126 1101 1192 Habeantur

144 1229 215 1294 haec
231 1250 325 1305 rana,
340 1237 374 1292 et
388 1237 573 1291 contemnat
587 1238 623 1289 ut
641 1229 731 1303 solet,
746 1227 772 1289 si
797 1227 883 1291 filius
898 1228 962 1292 Dei
984 1230 1099 1291 Eccle-

142 1331 200 1395 siae
214 1351 282 1395 non
298 1329 378 1393 dicit
400 1326 591 1411 pastoribus,
608 1327 674 1395 Qut
688 1348 742 1389 cos
755 1333 881 1410 spernit
898 1351 947 1393 me
966 1333 1101 1412 spernit,

141 1439 174 1496 et
187 1434 247 1515 qui
257 1434 367 1514 lonqit
377 1450 428 1493 oct
438 1433 546 1512 tanpit
556 1431 718 1512 pupillam
732 1432 818 1491 oculi
831 1434 903 1494 mei.
941 1433 1101 1496 Processit

143 1535 277 1600 ulterius
306 1531 490 1597 sollicitudo
520 1545 637 1611 nostra,
667 1543 702 1595 ut
739 1553 797 1615 pro
830 1555 910 1616 pace
941 1534 1099 1597 Ecclesiae

144 1657 290 1701 summus
311 1634 460 1719 pontifex
475 1634 605 1698 devotas
628 1655 741 1718 prcces
764 1636 947 1717 porrigeret,
963 1636 1098 1699 sednon

143 1746 196 1802 est
224 1736 413 1801 exauditust
451 1736 691 1801 exhortationes
720 1734 879 1812 adhibuit,
909 1750 941 1801 et
969 1736 1099 1800 surdum

141 1839 286 1924 repperit
301 1838 497 1903 auditorem=
519 1838 755 1923 increpationes
767 1838 895 1923 adjecit,
907 1850 1099 1921 contemptae

142 1954 238 2006 sunt:
269 1940 397 2005 tandem
420 1941 606 2023 Apostolica
629 1942 707 2004 tuba
729 1937 995 2006 comminationes
1017 1943 1099 2005 into-

144 2043 227 2116 nuit.
243 2041 299 2105 sed
321 2062 381 2104 nec
405 2042 452 2104 sic
474 2052 648 2124 potuerunt
669 2040 750 2105 fides
774 2053 806 2105 et
828 2042 938 2125 religio
953 2043 1098 2107 excitari.

143 2143 197 2210 Ne
221 2143 301 2230 quid
320 2156 423 2208 autem
448 2144 666 2207 omitteremus
689 2164 730 2206 ex
755 2145 1026 2227 contingentibus,
1040 2167 1097 2209 rex

144 2245 355 2320 Francorum,
379 2247 432 2330 qui
456 2247 484 2308 ei
512 2257 560 2309 est
584 2246 707 2309 amicus
733 2256 765 2309 et
789 2247 948 2325 dominus,
970 2269 1097 2312 omnem

142 2351 293 2416 adhibuit
307 2370 436 2432 operam
459 2361 491 2412 et
511 2348 724 2430 diligentiam
745 2350 803 2414 sod
817 2372 878 2415 nec
894 2351 948 2415 ille
964 2373 1021 2434 pro
1042 2372 1099 2414 sua

143 2453 320 2517 reverentia
335 2454 450 2515 meruit
464 2451 617 2515 exaudiri.
662 2452 711 2514 Ad
735 2454 929 2537 colloquium
951 2454 1022 2537 ejus
1044 2475 1097 2517 ac·

146 2554 323 2630 cessimus;
345 2553 402 2618 sed
413 2574 472 2617 uec
484 2552 526 2616 ad
537 2565 745 2635 conspectum
754 2553 825 2637 ejus
836 2576 944 2617 sumus
956 2554 1098 2631 admissi,

146 2677 207 2720 nec
222 2657 319 2719 vestri
334 2657 475 2719 nominis
489 2667 544 2719 aut
558 2677 664 2719 causae
682 2656 745 2719 Dei
767 2657 911 2740 permisit
926 2655 995 2719 fieri
1010 2678 1097 2718 men·

146 2761 278 2824 tionem.
314 2760 465 2823 Misimus
480 2761 510 2824 ei
525 2772 637 2844 postea
653 2759 784 2821 nuntios
796 2758 992 2822 venerabiles
1005 2759 1098 2834 siros,

146 2868 180 2924 et
197 2860 324 2923 litteras
346 2870 502 2943 patentes,
518 2870 554 2923 ut
578 2880 637 2942 par
660 2868 738 2935 erat,
753 2858 786 2920 in
809 2857 926 2941 quibus
948 2878 1099 2941 expressa

144 2972 212 3025 erat
222 2971 256 3024 et
263 2960 388 3045 justitia
400 2963 556 3038 ecclesiae,
569 2974 601 3025 et
615 2972 729 3024 nostrae
744 2959 908 3044 petitionis
920 2960 1095 3023 sententia:

145 3064 202 3128 sed
216 3075 328 3128 noster
349 3075 380 3126 et
404 3085 512 3127 eorum
528 3065 629 3141 labor,
645 3061 849 3147 quantumin
865 3083 904 3125 eo
927 3071 986 3137 est,
1001 3061 1100 3123 cessit

142 3168 314 3231 incassum.
359 3166 494 3251 Sequuti
519 3187 644 3230 eramus
669 3165 766 3228 fidem
796 3164 934 3228 dominae
961 3164 1097 3248 impera·

144 3269 243 3346 tricis,
259 3268 343 3331 sicut
357 3279 392 3330 tu
406 3268 501 3344 nosti,
516 3277 548 3330 et
563 3267 633 3349 ipse
649 3268 794 3349 ignorare
809 3289 873 3329 non
897 3266 1008 3330 debet:
1040 3267 1098 3330 sed

144 3391 205 3433 nos
229 3389 463 3455 usquequaque
484 3364 608 3432 delusit.
654 3368 738 3440 Quia
761 3389 837 3449 ergo
851 3368 921 3432 haec
945 3369 1099 3451 patientia

144 3481 253 3534 nostra
267 3470 426 3533 Ecclesiae
451 3470 513 3532 Dei
528 3470 712 3552 perniciosa
735 3478 794 3546 est,
808 3468 865 3531 sed
891 3469 1099 3552 perniciosior

143 3572 188 3635 illi
205 3572 302 3656 cujus
320 3572 493 3636 norissima
516 3571 597 3636 finnt
620 3572 726 3636 indies
750 3572 906 3636 deteriora
928 3573 1098 3655 prioribus,

144 3674 241 3738 nobis
274 3685 379 3738 autem
418 3675 695 3757 perniciosissima,
726 3696 807 3759 quos
836 3676 996 3757 oportebit
1025 3685 1098 3737 ante

144 3778 284 3840 tribunal
302 3777 419 3859 Sponsi
437 3798 502 3839 non
525 3776 620 3839 modo
643 3776 684 3840 de
706 3778 858 3860 operibus
879 3776 1027 3859 propriis,
1041 3775 1099 3838 sed

143 3878 227 3944 etde
238 3879 393 3960 sanguim
405 3878 485 3963 ejus,
496 3887 529 3942 et
540 3878 711 3941 afflictione
722 3898 849 3960 sponsae
860 3877 993 3941 reddere
1005 3879 1099 3941 ratio·

145 4002 238 4044 nem:
268 4001 329 4063 pro
352 3990 439 4044 certo
461 3978 599 4054 noveris,
620 3990 653 4041 et
674 3979 813 4043 dominae
836 3980 1028 4062 imperatrici
1051 3980 1097 4040 in·

146 4084 250 4161 times,
264 4082 351 4167 quod
367 4083 400 4145 in
415 4102 584 4166 personam
599 4081 667 4165 ejus
682 4094 714 4145 et
736 4094 850 4146 terram
866 4084 898 4145 in
921 4083 1020 4160 brevi,
1035 4082 1099 4144 imo

145 4186 178 4247 in
201 4184 400 4259 brevissimo,
423 4184 487 4247 vita
509 4182 637 4260 comite,
659 4196 690 4247 et
713 4184 855 4248 Domino
881 4195 1020 4262 auctore,
1044 4206 1100 4248 ex-

146 4307 270 4351 eremus
300 4285 441 4370 gladium
471 4283 609 4367 Spiritus
640 4285 763 4361 Sancti,
792 4287 845 4370 qui
876 4286 962 4348 omni
993 4284 1100 4365 gladio

146 4387 280 4471 ancipiti
303 4386 528 4470 penetrabilior
552 4399 612 4461 est,
628 4400 663 4450 ut
685 4388 780 4450 sitin
803 4388 925 4450 ruinam
943 4384 1100 4448 indurata)

189 4505 262 4552 vot.
279 4506 302 4551 1.
618 4507 641 4551 tt
