3034 5500
278 723 340 782 8‘24
521 732 657 780 sommis
675 728 956 777 sanesnemensts
1144 712 1189 793 [r.
1206 735 1231 778 n

276 910 387 953 nonne
408 881 636 972 philosophum
659 884 823 948 doctorem
843 885 1035 962 honestatis,
1051 907 1232 968 praeconem

278 990 437 1073 evangelii
452 989 600 1073 pudebit,
615 988 642 1051 si
654 1008 673 1050 a
684 986 849 1050 mundana
864 988 1060 1070 supellectili
1073 989 1232 1073 opprima·

278 1103 339 1168 tur,
354 1112 449 1175 quem
459 1090 587 1171 gentilis
601 1099 699 1171 poeta
711 1087 924 1173 contempsit?
957 1090 1063 1173 Spero
1079 1102 1188 1153 autem
1202 1090 1232 1152 in

279 1192 431 1265 Domino,
440 1188 525 1273 quod
542 1187 704 1251 devotioni
720 1201 831 1251 vestrae
847 1188 939 1252 dabit
950 1191 1234 1274 opportunitatem,

279 1304 315 1356 ut
329 1293 380 1354 vel
394 1291 428 1353 in
444 1289 588 1354 consiliis
603 1302 634 1352 et
648 1289 682 1350 in
696 1289 972 1372 inquisitionibus,
980 1293 1033 1354 vel
1048 1293 1115 1355 alio
1131 1291 1233 1369 modo,

278 1401 375 1477 prout
389 1390 544 1475 expedire
554 1389 655 1465 novit,
665 1391 796 1473 possitis
812 1412 886 1453 cum
901 1391 1116 1456 indemnitate
1125 1404 1231 1471 vestra,

279 1496 313 1557 in
329 1494 459 1558 auribus
478 1492 671 1576 principum,
686 1491 728 1554 ad
744 1503 880 1555 vestram
896 1505 929 1556 et
944 1494 1072 1557 illorum
1090 1498 1233 1572 salutem,

281 1618 339 1680 pro
361 1596 492 1658 veritate
513 1593 620 1656 facere
642 1595 784 1668 verbum,
807 1607 839 1656 et
865 1595 995 1677 spiritus
1018 1597 1120 1679 patris
1142 1597 1232 1660 vestri

281 1696 481 1781 promovebit
504 1694 596 1758 illud.
640 1695 710 1756 Nec
736 1695 874 1758 retardet
892 1718 959 1775 vos,
986 1697 1014 1759 si
1039 1697 1073 1759 in
1099 1700 1233 1762 ecclesia

281 1798 429 1860 Romana
437 1795 554 1859 videtis
569 1792 689 1878 aliquid
701 1794 961 1878 reprehensibile,
972 1797 1030 1879 qui
1047 1798 1233 1861 meministis

281 1899 316 1960 in
343 1897 508 1980 evangelio
532 1895 713 1958 mandatum
735 1916 806 1958 esse
829 1895 991 1971 fidelibus,
1013 1910 1051 1960 ut
1074 1920 1141 1962 non
1167 1899 1232 1963 imi-

281 2011 388 2063 tentur
402 2019 499 2082 opera
520 1996 698 2062 sedentium
721 1997 755 2059 in
777 1996 930 2061 cathedra
947 1999 1070 2082 Moysi,
1085 1999 1145 2064 sed
1161 2001 1231 2063 doc·

280 2100 395 2162 trinam
426 2120 536 2161 eorum
566 2098 717 2181 operibus
747 2098 911 2182 impleant.
957 2101 1083 2179 Valete,
1112 2112 1147 2166 et
1174 2101 1232 2165 mei

280 2220 404 2281 semper
419 2198 569 2261 memoris
584 2198 689 2274 vestri,
705 2219 802 2280 quam
817 2201 954 2264 amicum
971 2201 1077 2282 decet,
1093 2203 1234 2268 habeatis

280 2320 476 2363 memoriam.

284 2610 505 2676 EPISTOLA
529 2611 834 2676 cmxxvi-m
849 2633 1010 2680 sonarem
1026 2636 1054 2680 s.
1070 2635 1234 2683 nonnum.

651 2714 694 2795 [A.
707 2733 737 2779 n.
757 2715 867 2796 noo]

333 2871 452 2935 Abbati
465 2874 572 2934 sancti
586 2872 761 2936 Edmoodi
773 2874 920 2938 Joonnes
934 2877 974 2939 de
990 2878 1190 2943 Soresheria.

327 3009 533 3072 Omanorum
558 3008 590 3069 in
621 3007 756 3089 epistola
784 3008 825 3072 ad
851 3009 1041 3075 Marcellum
1072 3016 1234 3098 scripsisse

283 3108 423 3186 memini,
446 3109 523 3192 quia
545 3109 699 3193 sapientis
723 3109 849 3193 judicio
872 3113 966 3175 refert
987 3114 1161 3196 plurimum
1184 3117 1234 3181 cui

283 3211 355 3292 quis
380 3210 548 3290 obligetur,
573 3221 605 3273 et
629 3210 757 3272 honesti
781 3210 839 3271 viri
864 3224 1077 3294 pregravatur
1100 3218 1235 3296 animus,

283 3310 432 3393 quotiens
448 3332 533 3387 eum,
545 3323 600 3374 eut
613 3312 658 3373 rei
669 3311 829 3374 familiaris
844 3314 1003 3394 angustia,
1015 3326 1071 3379 aut
1082 3319 1234 3383 articulus

282 3412 435 3494 temporis
454 3412 501 3474 illi
527 3413 694 3476 constituit
713 3412 898 3491 debitorem,
914 3437 1012 3498 quem
1027 3420 1107 3483 ratio
1121 3421 1232 3486 hones·

281 3511 356 3573 tatis
376 3521 432 3573 aut
454 3533 575 3574 monim
599 3514 709 3577 titulus
730 3515 793 3579 coli
817 3516 975 3599 prohibet,
990 3530 1022 3582 ot
1036 3522 1146 3584 amari.
1191 3525 1235 3586 Et

281 3612 343 3674 hoc
369 3609 509 3695 quidem,
536 3624 572 3674 ut
595 3614 736 3693 arbitror,
763 3617 932 3698 eleganter,
957 3630 989 3682 et
1015 3642 1089 3685 vere
1114 3623 1234 3688 dictum

280 3728 339 3790 est,
355 3712 443 3796 quod
465 3714 492 3776 si
513 3711 651 3776 fideliter
673 3716 875 3794 exaudiatur,
895 3739 954 3783 nec
974 3741 994 3783 a
1013 3733 1136 3788 naturai
1159 3748 1236 3789 con·

280 3814 420 3875 sortibus
446 3812 609 3874 vinculum
639 3816 798 3878 subtrahit
827 3817 978 3892 caritatis,
1004 3841 1064 3885 uec
1091 3838 1233 3888 contem·

279 3911 419 3993 platione
435 3913 587 3977 naturalis
607 3917 771 3990 consortii,
788 3918 901 3981 erroris
921 3940 1051 4005 quoque
1066 3926 1237 4010 participe-

278 4010 364 4073 tione
389 4012 575 4079 consederat
600 4017 745 4079 moribus
773 4015 976 4083 dissidentes.
1023 4023 1114 4087 Bene
1139 4025 1235 4108 igitur

278 4132 350 4175 cum
366 4111 416 4174 his
432 4116 547 4195 agitur,
557 4119 611 4201 qui
627 4119 660 4181 in
677 4119 799 4181 ratione
813 4116 879 4181 dati
895 4131 926 4182 et
942 4126 1071 4207 accepti
1085 4126 1235 4193 beneficii

277 4213 352 4277 viris
375 4213 517 4280 honestis
540 4219 739 4283 solummodo
763 4219 956 4301 obligantur,
972 4245 1122 4307 quorum,
1137 4240 1173 4292 ut
1195 4230 1235 4292 de

275 4316 457 4379 testimonio
479 4319 685 4384 conscicntia
704 4321 829 4402 loquar,
846 4341 929 4383 unus
950 4343 1012 4403 ego
1034 4346 1118 4408 snm,
1142 4350 1234 4412 quem
