3034 5500
279 756 342 814 ttt
533 762 670 809 ioannis
686 758 969 806 saansnnnrassrs
1139 741 1183 823 [a.
1198 760 1225 805 n.

279 921 425 984 videntur
449 920 618 1003 praevalere
642 914 744 998 impii,
766 914 882 998 quibus
906 915 941 976 in
964 914 1056 976 breri
1079 912 1227 988 Christus,

279 1043 373 1105 quem
398 1029 640 1103 persequuntur,
667 1016 713 1079 sic
740 1015 949 1097 respondebit
978 1013 1021 1077 ad
1052 1015 1173 1091 merita,
1195 1024 1228 1077 ut

278 1119 521 1204 praeponderare
531 1117 677 1180 rideatur
684 1118 764 1179 libra
776 1114 936 1192 vindictae,
949 1127 983 1178 et
994 1136 1078 1200 quos
1090 1124 1229 1198 potenter

277 1221 398 1304 puniet,
423 1241 486 1280 non
513 1230 579 1281 tam
606 1217 789 1280 examinare
819 1216 914 1278 lance
939 1216 1114 1299 aequitatis,
1139 1235 1227 1299 quam

278 1323 373 1385 molis
394 1317 613 1400 magnitudine
635 1337 843 1401 praegravare.
890 1317 966 1379 Non
989 1315 1123 1399 quidem
1149 1315 1229 1398 quod

278 1422 424 1507 injuriam
451 1422 577 1493 inserat,
608 1418 665 1482 sed
695 1419 771 1502 quia
800 1419 869 1481 sine
898 1439 1051 1482 mensura
1080 1429 1114 1481 et
1143 1417 1231 1480 modo

280 1522 494 1609 peccantibus
516 1523 702 1584 immensam
719 1530 751 1583 et
766 1519 1008 1584 immoderatam
1028 1520 1154 1601 ingeret
1167 1540 1230 1604 pre

278 1648 364 1690 nam.
410 1626 480 1688 Nec
502 1625 650 1705 opinetur
669 1621 829 1705 quispiam
846 1642 897 1683 me
919 1621 951 1683 in
972 1622 1075 1701 longa
1094 1633 1233 1704 tempora

278 1729 481 1812 prophetare,
502 1726 580 1788 licet
604 1723 724 1786 oraculi
749 1722 850 1785 divini
876 1722 963 1785 sicut
984 1722 1169 1798 auctoritas,
1190 1722 1232 1786 sic

280 1838 312 1889 et
328 1825 409 1889 fides
419 1833 634 1906 perpetuetur,
646 1841 745 1903 quum
757 1821 888 1901 planum
903 1820 945 1882 sit
953 1819 1025 1903 jam
1037 1820 1233 1903 aliquatenus

279 1926 466 1988 inchoatum
495 1943 566 1985 esse
585 1920 757 2006 judicium,
782 1919 847 1982 imo
878 1919 1067 1983 executioni
1093 1919 1232 1983 mandari

282 2024 484 2088 sententiam.

332 2125 452 2187 Nonne
481 2123 678 2186 Teutonicus
706 2133 873 2205 tyrannus,
902 2121 1045 2187 nominis
1074 2124 1125 2186 sui
1153 2124 1234 2188 fama

283 2244 386 2308 nuper
415 2224 525 2286 orbem
563 2224 752 2304 perculerat,
782 2234 815 2286 et
843 2223 908 2287 sere
943 2226 1115 2308 subegerat
1143 2248 1236 2309 regna

284 2326 400 2402 vicina,
422 2336 456 2388 et
477 2324 574 2387 etiam
601 2325 769 2408 imperium
796 2327 983 2391 Graecomm
1012 2340 1133 2392 terrore
1162 2350 1235 2393 con·

285 2438 438 2504 euaserat,
449 2438 484 2490 ut
495 2427 598 2507 magis
614 2426 811 2491 deditionem
824 2451 918 2513 quam
935 2431 1235 2495 conloederationem

287 2528 500 2613 legationibus
522 2528 628 2591 missis
649 2527 811 2593 videretur
831 2531 965 2596 offerre?
995 2533 1054 2596 sed
1074 2555 1154 2598 ecce
1173 2534 1237 2597 Do

288 2632 376 2695 mino
391 2641 518 2693 auctore
539 2628 666 2691 timetur
685 2629 803 2706 minus,
817 2640 851 2693 et
871 2632 1017 2715 quiante
1038 2644 1104 2696 tam
1121 2633 1239 2697 ricinos

289 2755 387 2819 quam
423 2729 652 2795 remotissimos
688 2731 757 2793 solo
792 2745 874 2796 nutu
905 2734 1047 2798 terrebat
1084 2735 1239 2820 princeps,

289 2834 487 2899 Teutonicos
505 2852 581 2895 suos
602 2833 644 2894 ab
666 2831 790 2915 injuriis
809 2833 958 2897 cohibere
974 2856 1039 2899 nou
1056 2846 1175 2919 potest,
1189 2836 1239 2920 qui

291 2937 360 2999 solo
377 2936 472 2997 rerbo
487 2953 599 3016 pacem
620 2932 769 3014 gentibus
783 2930 824 2994 ad
839 2933 1005 2997 arbitrium
1018 2934 1197 3009 indicebat,
1210 2946 1240 2998 ot

291 3040 394 3116 bella3
421 3058 506 3099 nunc
528 3057 547 3099 a
567 3035 632 3098 suis
652 3045 686 3097 et
707 3034 790 3097 inter
813 3055 888 3098 suos
910 3036 1020 3120 petitis
1044 3050 1079 3101 et
1101 3039 1239 3121 acceptis

291 3138 411 3218 treugis
433 3137 617 3218 gratulatur.
662 3136 748 3198 Nam
768 3136 852 3199 sicut
873 3136 1010 3220 ipsemet
1027 3140 1240 3223 conqueritur,

220 3264 223 3269 ·
292 3260 335 3301 ex
350 3258 415 3321 quo
432 3238 587 3299 Latonam
602 3237 697 3315 venit,
712 3248 748 3300 ut
762 3258 867 3319 regem
884 3240 1082 3304 Francorum
1097 3253 1131 3303 et
1144 3240 1241 3305 Galli·

293 3357 405 3402 canam
417 3337 588 3399 ecclesiam
604 3350 764 3420 separaret
777 3360 796 3401 a
812 3336 887 3416 fide,
895 3349 928 3402 et
942 3339 976 3401 in
991 3361 1083 3403 suam
1098 3340 1241 3404 haeresim

291 3450 493 3523 perverteret,
505 3449 539 3502 ut
554 3439 723 3503 adorarent
737 3438 860 3505 idolum
875 3463 979 3518 suum,
989 3463 1164 3507 successus
1177 3442 1241 3527 ejus

291 3541 409 3623 relapsi
424 3552 508 3618 stant,
523 3551 558 3603 et
576 3562 648 3624 quae
668 3562 740 3604 eum
761 3543 928 3617 extulerat,
949 3543 982 3604 in
1003 3542 1241 3628 depressionem

291 3643 393 3726 ipsius
414 3643 515 3724 coepit
536 3641 664 3706 fortuna
684 3642 857 3706 fluctuare:
881 3664 957 3728 spes
976 3655 1085 3708 autem
1102 3645 1240 3708 fidelium

291 3756 350 3824 est,
371 3745 455 3830 quod
479 3744 520 3807 ad
542 3744 695 3808 honorem
719 3745 795 3819 Dei,
812 3745 847 3807 in
867 3746 955 3809 brevi
976 3747 1117 3830 amplius
1141 3746 1241 3831 depri-

291 3857 403 3924 metur,
424 3847 527 3910 donec
552 3867 624 3909 eum
645 3845 776 3909 omnino
799 3845 956 3920 Christus,
977 3847 1071 3932 cujus
1093 3868 1241 3931 sponsam

292 3948 503 4030 persequitur,
518 3957 664 4010 conterat
680 3948 740 4010 sub
755 3948 894 4029 pedibus
908 3949 985 4012 suis.

336 4049 452 4111 Nonne
464 4060 497 4111 et
507 4047 593 4132 apud
603 4070 659 4114 vos
668 4048 737 4133 jam
746 4049 906 4134 judicium
919 4063 1087 4114 exercetur
1097 4050 1242 4114 adversus

291 4158 425 4212 tortores
445 4149 614 4213 ecclesia?
654 4152 826 4215 intuemini
852 4164 991 4236 quantus
1011 4165 1081 4217 erat
1105 4173 1164 4217 rex
1182 4154 1243 4215 An·

290 4250 424 4330 glorum,
433 4272 531 4333 quum
547 4253 696 4334 parvulus
712 4252 869 4317 rideretur
884 4254 918 4317 in
933 4254 1038 4318 oculis
1052 4254 1138 4319 suia:
1160 4267 1193 4317 et
1206 4250 1243 4315 ad

288 4353 458 4417 ecclesiam
482 4353 545 4415 Dei
570 4355 618 4416 rel
638 4353 778 4435 speciem
803 4354 880 4420 fidei
903 4365 934 4419 et
956 4355 1142 4419 reverentiae
1166 4374 1243 4439 prt-
