<?xml version="1.0" encoding="UTF-8"?>
<!DOCTYPE html PUBLIC "-//W3C//DTD XHTML 1.0 Transitional//EN"
    "http://www.w3.org/TR/xhtml1/DTD/xhtml1-transitional.dtd">
<html xmlns="http://www.w3.org/1999/xhtml" xml:lang="en" lang="en">
 <head>
  <title>
</title>
<meta http-equiv="Content-Type" content="text/html;charset=utf-8" />
  <meta name='ocr-system' content='tesseract 3.04.00' />
  <meta name='ocr-capabilities' content='ocr_page ocr_carea ocr_par ocr_line ocrx_word'/>
</head>
<body>
  <div class='ocr_page' id='page_1' title='image "./joannissaresber16johngoog_0243.png"; bbox 0 0 3034 5500; ppageno 0'>
   <div class='ocr_carea' id='block_1_1' title="bbox 154 758 1112 837">
    <p class='ocr_par' dir='ltr' id='par_1_1' title="bbox 154 758 1112 837">
     <span class='ocr_line' id='line_1_1' title="bbox 154 758 1112 837; baseline 0 -18"><span class='ocrx_word' id='word_1_1' title='bbox 154 758 264 837; x_wconf 63' lang='lat' dir='ltr'><strong>lton]</strong></span> <span class='ocrx_word' id='word_1_2' title='bbox 542 773 718 817; x_wconf 69' lang='lat' dir='ltr'><strong>ammons.</strong></span> <span class='ocrx_word' id='word_1_3' title='bbox 1053 763 1112 822; x_wconf 74' lang='lat'><strong>221</strong></span> 
     </span>
    </p>
   </div>
   <div class='ocr_carea' id='block_1_2' title="bbox 148 925 1112 1719">
    <p class='ocr_par' dir='ltr' id='par_1_2' title="bbox 148 925 1112 1719">
     <span class='ocr_line' id='line_1_2' title="bbox 149 925 1112 1011; baseline 0.001 -21"><span class='ocrx_word' id='word_1_4' title='bbox 149 949 218 990; x_wconf 89' lang='lat' dir='ltr'><strong>uon</strong></span> <span class='ocrx_word' id='word_1_5' title='bbox 235 926 330 1003; x_wconf 83' lang='lat' dir='ltr'><strong>mibi,</strong></span> <span class='ocrx_word' id='word_1_6' title='bbox 345 926 432 1011; x_wconf 87' lang='lat' dir='ltr'><strong>quod</strong></span> <span class='ocrx_word' id='word_1_7' title='bbox 448 925 480 988; x_wconf 92' lang='lat' dir='ltr'><strong>iu</strong></span> <span class='ocrx_word' id='word_1_8' title='bbox 496 948 568 988; x_wconf 91' lang='lat' dir='ltr'><strong>eum</strong></span> <span class='ocrx_word' id='word_1_9' title='bbox 586 927 816 990; x_wconf 75' lang='lat' dir='ltr'>humanitatem</span> <span class='ocrx_word' id='word_1_10' title='bbox 841 929 1027 1010; x_wconf 90' lang='lat' dir='ltr'><strong>ampliorem</strong></span> <span class='ocrx_word' id='word_1_11' title='bbox 1046 951 1112 991; x_wconf 91' lang='lat' dir='ltr'><strong>non</strong></span> 
     </span>
     <span class='ocr_line' id='line_1_3' title="bbox 148 1028 1111 1112; baseline 0 -20"><span class='ocrx_word' id='word_1_12' title='bbox 148 1029 245 1112; x_wconf 88' lang='lat' dir='ltr'><strong>potui</strong></span> <span class='ocrx_word' id='word_1_13' title='bbox 274 1050 434 1092; x_wconf 84' lang='lat' dir='ltr'><strong>exercere.</strong></span> <span class='ocrx_word' id='word_1_14' title='bbox 494 1029 625 1091; x_wconf 89' lang='lat' dir='ltr'><strong>Utinam</strong></span> <span class='ocrx_word' id='word_1_15' title='bbox 656 1028 777 1091; x_wconf 91' lang='lat' dir='ltr'><strong>amicos</strong></span> <span class='ocrx_word' id='word_1_16' title='bbox 816 1029 932 1092; x_wconf 88' lang='lat' dir='ltr'><strong>amodo</strong></span> <span class='ocrx_word' id='word_1_17' title='bbox 965 1031 1111 1092; x_wconf 87' lang='lat' dir='ltr'><strong>meliores</strong></span> 
     </span>
     <span class='ocr_line' id='line_1_4' title="bbox 149 1129 1109 1213; baseline 0 -20"><span class='ocrx_word' id='word_1_18' title='bbox 149 1129 313 1194; x_wconf 81' lang='lat' dir='ltr'><strong>iuveniat!</strong></span> <span class='ocrx_word' id='word_1_19' title='bbox 338 1131 411 1210; x_wconf 82' lang='lat' dir='ltr'><strong>Ego</strong></span> <span class='ocrx_word' id='word_1_20' title='bbox 428 1130 531 1213; x_wconf 86' lang='lat' dir='ltr'><strong>profui</strong></span> <span class='ocrx_word' id='word_1_21' title='bbox 543 1141 701 1213; x_wconf 90' lang='lat' dir='ltr'><strong>quatenus</strong></span> <span class='ocrx_word' id='word_1_22' title='bbox 714 1141 857 1212; x_wconf 88' lang='lat' dir='ltr'><strong>tempora</strong></span> <span class='ocrx_word' id='word_1_23' title='bbox 873 1132 1109 1213; x_wconf 88' lang='lat' dir='ltr'><strong>permittebant.</strong></span> 
     </span>
     <span class='ocr_line' id='line_1_5' title="bbox 149 1231 1112 1315; baseline 0 -20"><span class='ocrx_word' id='word_1_24' title='bbox 149 1231 259 1296; x_wconf 86' lang='lat' dir='ltr'><strong>Audio</strong></span> <span class='ocrx_word' id='word_1_25' title='bbox 292 1233 482 1313; x_wconf 85' lang='lat' dir='ltr'>Magistrum</span> <span class='ocrx_word' id='word_1_26' title='bbox 510 1232 687 1293; x_wconf 88' lang='lat' dir='ltr'><strong>Galterium</strong></span> <span class='ocrx_word' id='word_1_27' title='bbox 712 1231 895 1315; x_wconf 85' lang='lat' dir='ltr'><strong>juramento</strong></span> <span class='ocrx_word' id='word_1_28' title='bbox 926 1233 1051 1308; x_wconf 88' lang='lat' dir='ltr'><strong>arctari,</strong></span> <span class='ocrx_word' id='word_1_29' title='bbox 1078 1246 1112 1296; x_wconf 93' lang='lat' dir='ltr'><strong>ut</strong></span> 
     </span>
     <span class='ocr_line' id='line_1_6' title="bbox 151 1333 1111 1418; baseline -0.001 -21"><span class='ocrx_word' id='word_1_30' title='bbox 151 1355 260 1418; x_wconf 88' lang='lat' dir='ltr'><strong>neque</strong></span> <span class='ocrx_word' id='word_1_31' title='bbox 290 1336 423 1409; x_wconf 77' lang='lat' dir='ltr'>litteras,</span> <span class='ocrx_word' id='word_1_32' title='bbox 447 1354 551 1416; x_wconf 89' lang='lat' dir='ltr'><strong>neque</strong></span> <span class='ocrx_word' id='word_1_33' title='bbox 581 1333 717 1396; x_wconf 80' lang='lat' dir='ltr'>nuncios</span> <span class='ocrx_word' id='word_1_34' title='bbox 744 1334 879 1416; x_wconf 87' lang='lat' dir='ltr'><strong>recipiat</strong></span> <span class='ocrx_word' id='word_1_35' title='bbox 902 1334 1111 1396; x_wconf 87' lang='lat' dir='ltr'><strong>exulantium.</strong></span> 
     </span>
     <span class='ocr_line' id='line_1_7' title="bbox 151 1436 1112 1521; baseline 0 -22"><span class='ocrx_word' id='word_1_36' title='bbox 151 1438 206 1499; x_wconf 89' lang='lat' dir='ltr'><strong>Ex</strong></span> <span class='ocrx_word' id='word_1_37' title='bbox 235 1459 299 1521; x_wconf 90' lang='lat' dir='ltr'><strong>quo</strong></span> <span class='ocrx_word' id='word_1_38' title='bbox 331 1448 418 1518; x_wconf 88' lang='lat' dir='ltr'><strong>patet</strong></span> <span class='ocrx_word' id='word_1_39' title='bbox 447 1457 544 1518; x_wconf 90' lang='lat' dir='ltr'><strong>quam</strong></span> <span class='ocrx_word' id='word_1_40' title='bbox 572 1436 686 1497; x_wconf 84' lang='lat' dir='ltr'><strong>misera</strong></span> <span class='ocrx_word' id='word_1_41' title='bbox 712 1437 888 1498; x_wconf 68' lang='lat' dir='ltr'><strong>necessitas</strong></span> <span class='ocrx_word' id='word_1_42' title='bbox 918 1436 1011 1499; x_wconf 89' lang='lat' dir='ltr'><strong>bouis</strong></span> <span class='ocrx_word' id='word_1_43' title='bbox 1039 1437 1112 1499; x_wconf 90' lang='lat' dir='ltr'><strong>viris</strong></span> 
     </span>
     <span class='ocr_line' id='line_1_8' title="bbox 153 1537 1112 1620; baseline -0.002 -18"><span class='ocrx_word' id='word_1_44' title='bbox 153 1540 333 1612; x_wconf 88' lang='lat' dir='ltr'><strong>immineat,</strong></span> <span class='ocrx_word' id='word_1_45' title='bbox 354 1559 435 1620; x_wconf 87' lang='lat' dir='ltr'><strong>quos</strong></span> <span class='ocrx_word' id='word_1_46' title='bbox 458 1557 521 1599; x_wconf 91' lang='lat' dir='ltr'><strong>uon</strong></span> <span class='ocrx_word' id='word_1_47' title='bbox 543 1537 621 1600; x_wconf 91' lang='lat' dir='ltr'><strong>lieet</strong></span> <span class='ocrx_word' id='word_1_48' title='bbox 644 1537 796 1601; x_wconf 87' lang='lat' dir='ltr'><strong>mandata</strong></span> <span class='ocrx_word' id='word_1_49' title='bbox 818 1537 999 1601; x_wconf 84' lang='lat' dir='ltr'><strong>Dominicae</strong></span> <span class='ocrx_word' id='word_1_50' title='bbox 1021 1539 1112 1619; x_wconf 81' lang='lat' dir='ltr'><strong>legis,</strong></span> 
     </span>
     <span class='ocr_line' id='line_1_9' title="bbox 153 1635 754 1719; baseline -0.012 -15"><span class='ocrx_word' id='word_1_51' title='bbox 153 1641 263 1704; x_wconf 85' lang='lat' dir='ltr'><strong>officia</strong></span> <span class='ocrx_word' id='word_1_52' title='bbox 279 1635 427 1702; x_wconf 78' lang='lat' dir='ltr'><strong>videlicet</strong></span> <span class='ocrx_word' id='word_1_53' title='bbox 442 1637 594 1714; x_wconf 89' lang='lat' dir='ltr'><strong>caritatis,</strong></span> <span class='ocrx_word' id='word_1_54' title='bbox 611 1637 754 1719; x_wconf 86' lang='lat' dir='ltr'><strong>impiere.</strong></span> 
     </span>
    </p>
   </div>
   <div class='ocr_carea' id='block_1_3' title="bbox 181 1947 1075 2129">
    <p class='ocr_par' dir='ltr' id='par_1_3' title="bbox 181 1947 1075 2129">
     <span class='ocr_line' id='line_1_10' title="bbox 181 1947 1075 2013; baseline -0.006 0"><span class='ocrx_word' id='word_1_55' title='bbox 181 1949 404 2013; x_wconf 79' lang='lat' dir='ltr'><strong>EPISTOLA</strong></span> <span class='ocrx_word' id='word_1_56' title='bbox 429 1947 646 2010; x_wconf 84' lang='lat' dir='ltr'><strong>CXLV.-au</strong></span> <span class='ocrx_word' id='word_1_57' title='bbox 662 1964 954 2010; x_wconf 73' lang='lat' dir='ltr'><strong>nanrnoroumon</strong></span> <span class='ocrx_word' id='word_1_58' title='bbox 971 1966 1075 2010; x_wconf 80' lang='lat' dir='ltr'><strong>surse.</strong></span> 
     </span>
     <span class='ocr_line' id='line_1_11' title="bbox 408 2049 872 2129; baseline -0.004 -18"><span class='ocrx_word' id='word_1_59' title='bbox 408 2067 635 2112; x_wconf 76' lang='lat' dir='ltr'><strong>exomensnn.</strong></span> <span class='ocrx_word' id='word_1_60' title='bbox 664 2049 743 2128; x_wconf 67' lang='lat' dir='ltr'><strong>[an.</strong></span> <span class='ocrx_word' id='word_1_61' title='bbox 764 2050 872 2129; x_wconf 63' lang='lat'>1166]</span> 
     </span>
    </p>
   </div>
   <div class='ocr_carea' id='block_1_4' title="bbox 188 2207 1084 2290">
    <p class='ocr_par' dir='ltr' id='par_1_4' title="bbox 188 2207 1084 2290">
     <span class='ocr_line' id='line_1_12' title="bbox 188 2207 1084 2290; baseline -0.008 -15"><span class='ocrx_word' id='word_1_62' title='bbox 188 2213 429 2275; x_wconf 77' lang='lat' dir='ltr'><strong>Bartholomoeo</strong></span> <span class='ocrx_word' id='word_1_63' title='bbox 444 2211 631 2272; x_wconf 74' lang='lat' dir='ltr'><strong>Eronienrt&#39;</strong></span> <span class='ocrx_word' id='word_1_64' title='bbox 646 2212 794 2290; x_wconf 83' lang='lat' dir='ltr'><strong>episeopo</strong></span> <span class='ocrx_word' id='word_1_65' title='bbox 808 2210 904 2272; x_wconf 86' lang='lat' dir='ltr'><strong>Joan.</strong></span> <span class='ocrx_word' id='word_1_66' title='bbox 922 2207 1084 2270; x_wconf 76' lang='lat' dir='ltr'><strong>Soreslrer.</strong></span> 
     </span>
    </p>
   </div>
   <div class='ocr_carea' id='block_1_5' title="bbox 150 2357 1113 2751">
    <p class='ocr_par' dir='ltr' id='par_1_5' title="bbox 150 2357 1113 2751">
     <span class='ocr_line' id='line_1_13' title="bbox 199 2357 1113 2424; baseline -0.004 -1"><span class='ocrx_word' id='word_1_67' title='bbox 199 2362 308 2424; x_wconf 78' lang='lat' dir='ltr'><strong>L1cET</strong></span> <span class='ocrx_word' id='word_1_68' title='bbox 338 2381 379 2422; x_wconf 84' lang='lat' dir='ltr'><strong>ex</strong></span> <span class='ocrx_word' id='word_1_69' title='bbox 409 2379 497 2420; x_wconf 89' lang='lat' dir='ltr'><strong>more</strong></span> <span class='ocrx_word' id='word_1_70' title='bbox 535 2358 742 2420; x_wconf 76' lang='lat' dir='ltr'><strong>scribentium</strong></span> <span class='ocrx_word' id='word_1_71' title='bbox 780 2357 820 2420; x_wconf 88' lang='lat' dir='ltr'><strong>ad</strong></span> <span class='ocrx_word' id='word_1_72' title='bbox 851 2359 972 2421; x_wconf 89' lang='lat' dir='ltr'><strong>amicos</strong></span> <span class='ocrx_word' id='word_1_73' title='bbox 1002 2358 1113 2421; x_wconf 87' lang='lat' dir='ltr'><strong>salutis</strong></span> 
     </span>
     <span class='ocr_line' id='line_1_14' title="bbox 158 2458 1113 2543; baseline -0.002 -22"><span class='ocrx_word' id='word_1_74' title='bbox 158 2473 267 2524; x_wconf 88' lang='lat' dir='ltr'><strong>retum</strong></span> <span class='ocrx_word' id='word_1_75' title='bbox 283 2460 402 2543; x_wconf 84' lang='lat' dir='ltr'><strong>pagina</strong></span> <span class='ocrx_word' id='word_1_76' title='bbox 418 2480 482 2521; x_wconf 91' lang='lat' dir='ltr'><strong>uon</strong></span> <span class='ocrx_word' id='word_1_77' title='bbox 495 2458 681 2542; x_wconf 84' lang='lat' dir='ltr'><strong>praetendat,</strong></span> <span class='ocrx_word' id='word_1_78' title='bbox 695 2460 773 2522; x_wconf 87' lang='lat' dir='ltr'><strong>nihii</strong></span> <span class='ocrx_word' id='word_1_79' title='bbox 790 2473 894 2522; x_wconf 89' lang='lat' dir='ltr'><strong>tamen</strong></span> <span class='ocrx_word' id='word_1_80' title='bbox 907 2458 1113 2522; x_wconf 84' lang='lat' dir='ltr'><strong>affectuosius</strong></span> 
     </span>
     <span class='ocr_line' id='line_1_15' title="bbox 159 2561 1111 2644; baseline -0.006 -18"><span class='ocrx_word' id='word_1_81' title='bbox 159 2576 208 2626; x_wconf 89' lang='lat' dir='ltr'><strong>est</strong></span> <span class='ocrx_word' id='word_1_82' title='bbox 229 2562 263 2623; x_wconf 91' lang='lat' dir='ltr'><strong>iu</strong></span> <span class='ocrx_word' id='word_1_83' title='bbox 280 2562 371 2637; x_wconf 88' lang='lat' dir='ltr'><strong>rotis,</strong></span> <span class='ocrx_word' id='word_1_84' title='bbox 386 2570 420 2623; x_wconf 87' lang='lat' dir='ltr'><strong>et</strong></span> <span class='ocrx_word' id='word_1_85' title='bbox 440 2561 635 2623; x_wconf 90' lang='lat' dir='ltr'><strong>orationibus</strong></span> <span class='ocrx_word' id='word_1_86' title='bbox 654 2561 743 2639; x_wconf 91' lang='lat' dir='ltr'><strong>meis,</strong></span> <span class='ocrx_word' id='word_1_87' title='bbox 759 2583 853 2644; x_wconf 88' lang='lat' dir='ltr'><strong>quam</strong></span> <span class='ocrx_word' id='word_1_88' title='bbox 876 2574 910 2624; x_wconf 92' lang='lat' dir='ltr'><strong>ut</strong></span> <span class='ocrx_word' id='word_1_89' title='bbox 925 2563 984 2623; x_wconf 85' lang='lat' dir='ltr'><strong>riae</strong></span> <span class='ocrx_word' id='word_1_90' title='bbox 1001 2569 1111 2623; x_wconf 83' lang='lat' dir='ltr'><strong>vestrae</strong></span> 
     </span>
     <span class='ocr_line' id='line_1_16' title="bbox 150 2662 1112 2751; baseline -0.005 -24"><span class='ocrx_word' id='word_1_91' title='bbox 150 2665 272 2751; x_wconf 84' lang='lat' dir='ltr'><strong>jugiter</strong></span> <span class='ocrx_word' id='word_1_92' title='bbox 294 2672 519 2744; x_wconf 81' lang='lat' dir='ltr'><strong>prosperentur</strong></span> <span class='ocrx_word' id='word_1_93' title='bbox 533 2662 566 2723; x_wconf 91' lang='lat' dir='ltr'><strong>in</strong></span> <span class='ocrx_word' id='word_1_94' title='bbox 584 2662 736 2725; x_wconf 89' lang='lat' dir='ltr'><strong>Domino.</strong></span> <span class='ocrx_word' id='word_1_95' title='bbox 782 2663 1012 2725; x_wconf 82' lang='lat' dir='ltr'><strong>Salutationem</strong></span> <span class='ocrx_word' id='word_1_96' title='bbox 1027 2662 1112 2724; x_wconf 90' lang='lat' dir='ltr'><strong>enim</strong></span> 
     </span>
    </p>
   </div>
   <div class='ocr_carea' id='block_1_6' title="bbox 153 2762 1113 4461">
    <p class='ocr_par' dir='ltr' id='par_1_6' title="bbox 153 2762 1113 4461">
     <span class='ocr_line' id='line_1_17' title="bbox 156 2762 1111 2848; baseline -0.004 -19"><span class='ocrx_word' id='word_1_97' title='bbox 156 2766 288 2829; x_wconf 88' lang='lat' dir='ltr'><strong>domiuo</strong></span> <span class='ocrx_word' id='word_1_98' title='bbox 313 2777 345 2828; x_wconf 90' lang='lat' dir='ltr'><strong>et</strong></span> <span class='ocrx_word' id='word_1_99' title='bbox 365 2764 448 2848; x_wconf 88' lang='lat' dir='ltr'><strong>patri</strong></span> <span class='ocrx_word' id='word_1_100' title='bbox 472 2764 614 2826; x_wconf 87' lang='lat' dir='ltr'><strong>debitam</strong></span> <span class='ocrx_word' id='word_1_101' title='bbox 638 2786 842 2847; x_wconf 87' lang='lat' dir='ltr'><strong>nequaquam</strong></span> <span class='ocrx_word' id='word_1_102' title='bbox 868 2763 1036 2845; x_wconf 87' lang='lat' dir='ltr'><strong>suspendit</strong></span> <span class='ocrx_word' id='word_1_103' title='bbox 1057 2762 1111 2825; x_wconf 89' lang='lat' dir='ltr'><strong>de·</strong></span> 
     </span>
     <span class='ocr_line' id='line_1_18' title="bbox 154 2862 1111 2944; baseline -0.004 -17"><span class='ocrx_word' id='word_1_104' title='bbox 154 2866 267 2943; x_wconf 83' lang='lat' dir='ltr'><strong>sectus,</strong></span> <span class='ocrx_word' id='word_1_105' title='bbox 284 2878 338 2928; x_wconf 90' lang='lat' dir='ltr'><strong>aut</strong></span> <span class='ocrx_word' id='word_1_106' title='bbox 360 2863 539 2926; x_wconf 84' lang='lat' dir='ltr'><strong>immutatio</strong></span> <span class='ocrx_word' id='word_1_107' title='bbox 562 2864 715 2940; x_wconf 89' lang='lat' dir='ltr'><strong>caritatis,</strong></span> <span class='ocrx_word' id='word_1_108' title='bbox 736 2863 793 2925; x_wconf 81' lang='lat' dir='ltr'><strong>sed</strong></span> <span class='ocrx_word' id='word_1_109' title='bbox 816 2865 963 2925; x_wconf 85' lang='lat' dir='ltr'><strong>consulta</strong></span> <span class='ocrx_word' id='word_1_110' title='bbox 982 2862 1111 2944; x_wconf 87' lang='lat' dir='ltr'><strong>dispen-</strong></span> 
     </span>
     <span class='ocr_line' id='line_1_19' title="bbox 153 2964 1109 3049; baseline -0.006 -18"><span class='ocrx_word' id='word_1_111' title='bbox 153 2969 235 3032; x_wconf 85' lang='lat' dir='ltr'><strong>satio</strong></span> <span class='ocrx_word' id='word_1_112' title='bbox 246 2978 277 3031; x_wconf 87' lang='lat' dir='ltr'><strong>et</strong></span> <span class='ocrx_word' id='word_1_113' title='bbox 289 2966 478 3039; x_wconf 88' lang='lat' dir='ltr'><strong>officiorum,</strong></span> <span class='ocrx_word' id='word_1_114' title='bbox 489 2978 521 3028; x_wconf 88' lang='lat' dir='ltr'><strong>et</strong></span> <span class='ocrx_word' id='word_1_115' title='bbox 531 2967 672 3028; x_wconf 90' lang='lat' dir='ltr'><strong>omnium</strong></span> <span class='ocrx_word' id='word_1_116' title='bbox 687 2988 759 3049; x_wconf 72' lang='lat' dir='ltr'><strong>quar</strong></span> <span class='ocrx_word' id='word_1_117' title='bbox 771 2978 854 3028; x_wconf 90' lang='lat' dir='ltr'><strong>recte</strong></span> <span class='ocrx_word' id='word_1_118' title='bbox 871 2976 1020 3046; x_wconf 88' lang='lat' dir='ltr'><strong>geruntur</strong></span> <span class='ocrx_word' id='word_1_119' title='bbox 1030 2964 1109 3026; x_wconf 91' lang='lat' dir='ltr'><strong>ratio</strong></span> 
     </span>
     <span class='ocr_line' id='line_1_20' title="bbox 155 3066 1107 3149; baseline -0.002 -18"><span class='ocrx_word' id='word_1_120' title='bbox 155 3068 358 3131; x_wconf 84' lang='lat' dir='ltr'><strong>moderatrix.</strong></span> <span class='ocrx_word' id='word_1_121' title='bbox 405 3067 665 3149; x_wconf 88' lang='lat' dir='ltr'><strong>Dispensationis</strong></span> <span class='ocrx_word' id='word_1_122' title='bbox 680 3088 753 3128; x_wconf 89' lang='lat' dir='ltr'><strong>vero</strong></span> <span class='ocrx_word' id='word_1_123' title='bbox 775 3088 873 3129; x_wconf 87' lang='lat' dir='ltr'><strong>eausa</strong></span> <span class='ocrx_word' id='word_1_124' title='bbox 887 3066 920 3127; x_wconf 90' lang='lat' dir='ltr'><strong>in</strong></span> <span class='ocrx_word' id='word_1_125' title='bbox 938 3066 1107 3149; x_wconf 89' lang='lat' dir='ltr'><strong>propatulo</strong></span> 
     </span>
     <span class='ocr_line' id='line_1_21' title="bbox 158 3165 1113 3249; baseline -0.002 -18"><span class='ocrx_word' id='word_1_126' title='bbox 158 3181 216 3246; x_wconf 89' lang='lat' dir='ltr'><strong>est,</strong></span> <span class='ocrx_word' id='word_1_127' title='bbox 232 3179 269 3230; x_wconf 88' lang='lat' dir='ltr'><strong>ut</strong></span> <span class='ocrx_word' id='word_1_128' title='bbox 283 3189 356 3231; x_wconf 90' lang='lat' dir='ltr'><strong>eam</strong></span> <span class='ocrx_word' id='word_1_129' title='bbox 371 3167 501 3229; x_wconf 92' lang='lat' dir='ltr'><strong>omnino</strong></span> <span class='ocrx_word' id='word_1_130' title='bbox 516 3188 581 3229; x_wconf 91' lang='lat' dir='ltr'><strong>non</strong></span> <span class='ocrx_word' id='word_1_131' title='bbox 596 3178 752 3249; x_wconf 79' lang='lat' dir='ltr'><strong>oporteat,</strong></span> <span class='ocrx_word' id='word_1_132' title='bbox 764 3179 818 3230; x_wconf 88' lang='lat' dir='ltr'><strong>aut</strong></span> <span class='ocrx_word' id='word_1_133' title='bbox 833 3167 945 3247; x_wconf 86' lang='lat' dir='ltr'><strong>paucis</strong></span> <span class='ocrx_word' id='word_1_134' title='bbox 960 3165 1113 3249; x_wconf 80' lang='lat' dir='ltr'><strong>expediat</strong></span> 
     </span>
     <span class='ocr_line' id='line_1_22' title="bbox 158 3267 1113 3352; baseline -0.005 -18"><span class='ocrx_word' id='word_1_135' title='bbox 158 3270 299 3352; x_wconf 81' lang='lat' dir='ltr'><strong>allegari.</strong></span> <span class='ocrx_word' id='word_1_136' title='bbox 345 3270 430 3331; x_wconf 88' lang='lat' dir='ltr'><strong>Nam</strong></span> <span class='ocrx_word' id='word_1_137' title='bbox 454 3268 579 3332; x_wconf 87' lang='lat' dir='ltr'><strong>insidiis</strong></span> <span class='ocrx_word' id='word_1_138' title='bbox 606 3269 726 3331; x_wconf 91' lang='lat' dir='ltr'><strong>domini</strong></span> <span class='ocrx_word' id='word_1_139' title='bbox 754 3269 840 3349; x_wconf 87' lang='lat' dir='ltr'><strong>regis</strong></span> <span class='ocrx_word' id='word_1_140' title='bbox 865 3267 977 3332; x_wconf 88' lang='lat' dir='ltr'><strong>dicunt</strong></span> <span class='ocrx_word' id='word_1_141' title='bbox 1006 3267 1113 3329; x_wconf 88' lang='lat' dir='ltr'><strong>omnia</strong></span> 
     </span>
     <span class='ocr_line' id='line_1_23' title="bbox 157 3368 1113 3456; baseline -0.005 -21"><span class='ocrx_word' id='word_1_142' title='bbox 157 3374 256 3456; x_wconf 86' lang='lat' dir='ltr'><strong>plena</strong></span> <span class='ocrx_word' id='word_1_143' title='bbox 271 3392 352 3441; x_wconf 84' lang='lat' dir='ltr'><strong>esse,</strong></span> <span class='ocrx_word' id='word_1_144' title='bbox 363 3384 398 3433; x_wconf 89' lang='lat' dir='ltr'><strong>ut</strong></span> <span class='ocrx_word' id='word_1_145' title='bbox 409 3370 504 3433; x_wconf 88' lang='lat' dir='ltr'><strong>bonis</strong></span> <span class='ocrx_word' id='word_1_146' title='bbox 519 3371 655 3434; x_wconf 79' lang='lat' dir='ltr'><strong>inriccm</strong></span> <span class='ocrx_word' id='word_1_147' title='bbox 669 3371 875 3454; x_wconf 89' lang='lat' dir='ltr'><strong>colloquendi</strong></span> <span class='ocrx_word' id='word_1_148' title='bbox 887 3381 941 3433; x_wconf 89' lang='lat' dir='ltr'><strong>aut</strong></span> <span class='ocrx_word' id='word_1_149' title='bbox 951 3368 1113 3432; x_wconf 89' lang='lat' dir='ltr'><strong>scribendi</strong></span> 
     </span>
     <span class='ocr_line' id='line_1_24' title="bbox 155 3469 1113 3558; baseline -0.005 -21"><span class='ocrx_word' id='word_1_150' title='bbox 155 3485 261 3537; x_wconf 90' lang='lat' dir='ltr'><strong>tutum</strong></span> <span class='ocrx_word' id='word_1_151' title='bbox 285 3494 351 3535; x_wconf 91' lang='lat' dir='ltr'><strong>nou</strong></span> <span class='ocrx_word' id='word_1_152' title='bbox 376 3472 476 3558; x_wconf 90' lang='lat' dir='ltr'><strong>possit</strong></span> <span class='ocrx_word' id='word_1_153' title='bbox 502 3493 570 3533; x_wconf 88' lang='lat' dir='ltr'><strong>esse</strong></span> <span class='ocrx_word' id='word_1_154' title='bbox 598 3472 834 3535; x_wconf 86' lang='lat' dir='ltr'><strong>commercium.</strong></span> <span class='ocrx_word' id='word_1_155' title='bbox 890 3472 1010 3533; x_wconf 89' lang='lat' dir='ltr'><strong>Nescio</strong></span> <span class='ocrx_word' id='word_1_156' title='bbox 1034 3469 1113 3554; x_wconf 91' lang='lat' dir='ltr'><strong>quid</strong></span> 
     </span>
     <span class='ocr_line' id='line_1_25' title="bbox 155 3572 1111 3656; baseline -0.005 -18"><span class='ocrx_word' id='word_1_157' title='bbox 155 3577 301 3638; x_wconf 80' lang='lat' dir='ltr'><strong>frivolum</strong></span> <span class='ocrx_word' id='word_1_158' title='bbox 332 3585 443 3637; x_wconf 88' lang='lat' dir='ltr'><strong>contra</strong></span> <span class='ocrx_word' id='word_1_159' title='bbox 478 3572 695 3636; x_wconf 86' lang='lat' dir='ltr'><strong>innocentiam</strong></span> <span class='ocrx_word' id='word_1_160' title='bbox 729 3574 858 3635; x_wconf 80' lang='lat' dir='ltr'><strong>molitur</strong></span> <span class='ocrx_word' id='word_1_161' title='bbox 885 3572 1050 3656; x_wconf 85' lang='lat' dir='ltr'><strong>iniquitas,</strong></span> <span class='ocrx_word' id='word_1_162' title='bbox 1079 3584 1111 3634; x_wconf 90' lang='lat' dir='ltr'><strong>et</strong></span> 
     </span>
     <span class='ocr_line' id='line_1_26' title="bbox 156 3673 1110 3758; baseline -0.004 -19"><span class='ocrx_word' id='word_1_163' title='bbox 156 3690 290 3758; x_wconf 84' lang='lat' dir='ltr'><strong>urgente</strong></span> <span class='ocrx_word' id='word_1_164' title='bbox 313 3676 442 3739; x_wconf 88' lang='lat' dir='ltr'><strong>stimulo</strong></span> <span class='ocrx_word' id='word_1_165' title='bbox 470 3675 676 3738; x_wconf 72' lang='lat' dir='ltr'><strong>eonscientiae</strong></span> <span class='ocrx_word' id='word_1_166' title='bbox 704 3675 903 3737; x_wconf 86' lang='lat' dir='ltr'><strong>incessanter</strong></span> <span class='ocrx_word' id='word_1_167' title='bbox 928 3673 1110 3757; x_wconf 86' lang='lat' dir='ltr'><strong>pungentis,</strong></span> 
     </span>
     <span class='ocr_line' id='line_1_27' title="bbox 156 3774 1111 3858; baseline -0.004 -17"><span class='ocrx_word' id='word_1_168' title='bbox 156 3792 190 3842; x_wconf 90' lang='lat' dir='ltr'><strong>et</strong></span> <span class='ocrx_word' id='word_1_169' title='bbox 217 3778 348 3854; x_wconf 90' lang='lat' dir='ltr'><strong>urentis,</strong></span> <span class='ocrx_word' id='word_1_170' title='bbox 375 3797 485 3838; x_wconf 87' lang='lat' dir='ltr'><strong>omnes</strong></span> <span class='ocrx_word' id='word_1_171' title='bbox 510 3787 675 3858; x_wconf 88' lang='lat' dir='ltr'><strong>suspectos</strong></span> <span class='ocrx_word' id='word_1_172' title='bbox 699 3776 798 3838; x_wconf 89' lang='lat' dir='ltr'><strong>habet</strong></span> <span class='ocrx_word' id='word_1_173' title='bbox 823 3786 855 3838; x_wconf 93' lang='lat' dir='ltr'><strong>et</strong></span> <span class='ocrx_word' id='word_1_174' title='bbox 885 3775 1010 3847; x_wconf 85' lang='lat' dir='ltr'><strong>omnia;</strong></span> <span class='ocrx_word' id='word_1_175' title='bbox 1038 3774 1111 3858; x_wconf 89' lang='lat' dir='ltr'><strong>jure</strong></span> 
     </span>
     <span class='ocr_line' id='line_1_28' title="bbox 155 3876 1111 3964; baseline -0.006 -22"><span class='ocrx_word' id='word_1_176' title='bbox 155 3879 286 3964; x_wconf 91' lang='lat' dir='ltr'><strong>quidem</strong></span> <span class='ocrx_word' id='word_1_177' title='bbox 307 3890 340 3942; x_wconf 88' lang='lat' dir='ltr'><strong>et</strong></span> <span class='ocrx_word' id='word_1_178' title='bbox 363 3877 487 3953; x_wconf 90' lang='lat' dir='ltr'><strong>merito,</strong></span> <span class='ocrx_word' id='word_1_179' title='bbox 509 3876 583 3960; x_wconf 87' lang='lat' dir='ltr'><strong>quia</strong></span> <span class='ocrx_word' id='word_1_180' title='bbox 604 3898 669 3959; x_wconf 76' lang='lat' dir='ltr'><strong>pax</strong></span> <span class='ocrx_word' id='word_1_181' title='bbox 692 3877 798 3959; x_wconf 89' lang='lat' dir='ltr'><strong>impiis</strong></span> <span class='ocrx_word' id='word_1_182' title='bbox 819 3896 886 3939; x_wconf 85' lang='lat' dir='ltr'><strong>csse</strong></span> <span class='ocrx_word' id='word_1_183' title='bbox 910 3898 975 3939; x_wconf 94' lang='lat' dir='ltr'><strong>non</strong></span> <span class='ocrx_word' id='word_1_184' title='bbox 1001 3876 1111 3952; x_wconf 90' lang='lat' dir='ltr'><strong>debet,</strong></span> 
     </span>
     <span class='ocr_line' id='line_1_29' title="bbox 156 3978 1111 4063; baseline -0.004 -20"><span class='ocrx_word' id='word_1_185' title='bbox 156 3981 265 4044; x_wconf 85' lang='lat' dir='ltr'><strong>hostes</strong></span> <span class='ocrx_word' id='word_1_186' title='bbox 287 4000 361 4042; x_wconf 89' lang='lat' dir='ltr'><strong>suos</strong></span> <span class='ocrx_word' id='word_1_187' title='bbox 379 3978 505 4063; x_wconf 87' lang='lat' dir='ltr'><strong>justitia</strong></span> <span class='ocrx_word' id='word_1_188' title='bbox 525 3978 744 4060; x_wconf 84' lang='lat' dir='ltr'><strong>impugnante,</strong></span> <span class='ocrx_word' id='word_1_189' title='bbox 767 3988 799 4039; x_wconf 92' lang='lat' dir='ltr'><strong>et</strong></span> <span class='ocrx_word' id='word_1_190' title='bbox 819 3978 1021 4061; x_wconf 87' lang='lat' dir='ltr'><strong>praeralente.</strong></span> <span class='ocrx_word' id='word_1_191' title='bbox 1066 3978 1111 4039; x_wconf 87' lang='lat' dir='ltr'><strong>Et</strong></span> 
     </span>
     <span class='ocr_line' id='line_1_30' title="bbox 155 4075 1110 4164; baseline -0.005 -20"><span class='ocrx_word' id='word_1_192' title='bbox 155 4082 300 4164; x_wconf 80' lang='lat' dir='ltr'><strong>protecto</strong></span> <span class='ocrx_word' id='word_1_193' title='bbox 322 4077 410 4163; x_wconf 91' lang='lat' dir='ltr'><strong>quod</strong></span> <span class='ocrx_word' id='word_1_194' title='bbox 433 4078 523 4140; x_wconf 90' lang='lat' dir='ltr'><strong>timet</strong></span> <span class='ocrx_word' id='word_1_195' title='bbox 544 4077 672 4161; x_wconf 89' lang='lat' dir='ltr'><strong>impius,</strong></span> <span class='ocrx_word' id='word_1_196' title='bbox 694 4078 801 4141; x_wconf 82' lang='lat' dir='ltr'><strong>veniet</strong></span> <span class='ocrx_word' id='word_1_197' title='bbox 823 4099 918 4160; x_wconf 90' lang='lat' dir='ltr'><strong>super</strong></span> <span class='ocrx_word' id='word_1_198' title='bbox 940 4098 1024 4154; x_wconf 90' lang='lat' dir='ltr'><strong>eum,</strong></span> <span class='ocrx_word' id='word_1_199' title='bbox 1041 4075 1110 4159; x_wconf 88' lang='lat' dir='ltr'><strong>jus·</strong></span> 
     </span>
     <span class='ocr_line' id='line_1_31' title="bbox 156 4178 1112 4266; baseline -0.009 -19"><span class='ocrx_word' id='word_1_200' title='bbox 156 4196 272 4266; x_wconf 75' lang='lat' dir='ltr'><strong>rusque</strong></span> <span class='ocrx_word' id='word_1_201' title='bbox 296 4182 336 4244; x_wconf 91' lang='lat' dir='ltr'><strong>de</strong></span> <span class='ocrx_word' id='word_1_202' title='bbox 358 4180 506 4262; x_wconf 75' lang='lat' dir='ltr'><strong>angrutia</strong></span> <span class='ocrx_word' id='word_1_203' title='bbox 527 4180 723 4257; x_wconf 85' lang='lat' dir='ltr'><strong>liberabitur,</strong></span> <span class='ocrx_word' id='word_1_204' title='bbox 746 4181 896 4260; x_wconf 87' lang='lat' dir='ltr'><strong>quoniam</strong></span> <span class='ocrx_word' id='word_1_205' title='bbox 918 4201 954 4242; x_wconf 92' lang='lat' dir='ltr'><strong>os</strong></span> <span class='ocrx_word' id='word_1_206' title='bbox 977 4178 1112 4240; x_wconf 89' lang='lat' dir='ltr'><strong>Domini</strong></span> 
     </span>
     <span class='ocr_line' id='line_1_32' title="bbox 154 4277 1110 4367; baseline -0.009 -21"><span class='ocrx_word' id='word_1_207' title='bbox 154 4285 324 4367; x_wconf 87' lang='lat' dir='ltr'><strong>loquutum</strong></span> <span class='ocrx_word' id='word_1_208' title='bbox 361 4292 419 4343; x_wconf 91' lang='lat' dir='ltr'><strong>est.</strong></span> <span class='ocrx_word' id='word_1_209' title='bbox 478 4279 530 4342; x_wconf 88' lang='lat' dir='ltr'><strong>Ad</strong></span> <span class='ocrx_word' id='word_1_210' title='bbox 559 4295 754 4344; x_wconf 90' lang='lat' dir='ltr'><strong>momentum</strong></span> <span class='ocrx_word' id='word_1_211' title='bbox 790 4281 923 4345; x_wconf 90' lang='lat' dir='ltr'><strong>turbinis</strong></span> <span class='ocrx_word' id='word_1_212' title='bbox 959 4277 1110 4341; x_wconf 79' lang='lat' dir='ltr'><strong>adversus</strong></span> 
     </span>
     <span class='ocr_line' id='line_1_33' title="bbox 157 4378 1108 4461; baseline -0.012 -12"><span class='ocrx_word' id='word_1_213' title='bbox 157 4385 327 4449; x_wconf 87' lang='lat' dir='ltr'><strong>ecclesiam</strong></span> <span class='ocrx_word' id='word_1_214' title='bbox 343 4382 465 4447; x_wconf 86' lang='lat' dir='ltr'><strong>malitia</strong></span> <span class='ocrx_word' id='word_1_215' title='bbox 480 4380 707 4461; x_wconf 88' lang='lat' dir='ltr'><strong>debacchatur,</strong></span> <span class='ocrx_word' id='word_1_216' title='bbox 719 4396 750 4447; x_wconf 89' lang='lat' dir='ltr'><strong>et</strong></span> <span class='ocrx_word' id='word_1_217' title='bbox 766 4383 916 4446; x_wconf 83' lang='lat' dir='ltr'><strong>advorsus</strong></span> <span class='ocrx_word' id='word_1_218' title='bbox 934 4378 1108 4443; x_wconf 91' lang='lat' dir='ltr'><strong>Dominum</strong></span> 
     </span>
    </p>
   </div>
   <div class='ocr_carea' id='block_1_7' title="bbox 0 0 1525 5500">
    <p class='ocr_par' dir='ltr' id='par_1_7' title="bbox 0 0 1525 5500">
     <span class='ocr_line' id='line_1_34' title="bbox 0 0 1525 5500; baseline 0 0"><span class='ocrx_word' id='word_1_219' title='bbox 0 0 1525 5500; x_wconf 95' lang='lat' dir='ltr'><strong> </strong></span> 
     </span>
    </p>
   </div>
  </div>
 </body>
</html>
