3034 5500
153 777 348 856 rito-oa]
541 795 718 839 arrsrosa.
820 857 823 864 ¹

150 1081 375 1147 EPISTOLA
400 1077 926 1146 LXXXHL-soaaaxsuonuu
950 1103 1102 1148 mucosa,

528 1199 724 1244 ariscoruu.

325 1313 550 1376 lincolniensi
563 1315 710 1394 qn'tcopo
726 1315 925 1380 Alexandro.

190 1450 321 1512 Torius
347 1446 487 1510 ecclesiae
513 1446 710 1531 periclitatur
741 1448 837 1526 salus,
863 1449 888 1512 si
924 1451 1102 1533 remigium,

146 1549 199 1612 cui
215 1550 335 1612 Petrus
349 1546 512 1631 praesidet,
528 1546 675 1611 manibus
690 1547 903 1611 committitur
923 1549 1101 1632 impudicis.

150 1652 271 1713 Navem
288 1646 456 1731 piscatoris
475 1644 593 1729 egregii
614 1643 774 1707 ecclesiam
796 1666 862 1706 esse
882 1644 1011 1708 scimus:
1039 1647 1103 1708 Ro·

151 1767 281 1812 manum
303 1745 485 1831 pontificem
507 1744 663 1828 principis
683 1743 898 1828 apostolorum
921 1767 983 1807 non
1004 1744 1104 1809 ambi·

150 1848 258 1932 gimus
279 1868 344 1909 esse
367 1846 531 1921 ricarium,
553 1845 620 1930 qui,
645 1845 726 1908 sicut
749 1856 854 1907 rector
872 1848 962 1908 clavo
981 1866 1103 1924 navem,

150 1949 197 2013 ita
212 1947 309 2034 sigilli
325 1948 372 2011 sui
394 1947 608 2010 moderamine
629 1945 791 2010 ecclesiam
806 1946 899 2031 regit,
913 1946 1055 2032 corrigit,
1071 1958 1102 2010 et

150 2050 263 2135 dirigit
279 2049 467 2113 universam.
517 2051 624 2133 Hujus
638 2071 715 2131 crgo
737 2048 833 2134 sigilli
853 2050 1015 2133 corruptio
1035 2048 1103 2113 uni-

150 2151 278 2216 versalis
292 2149 431 2214 ecclesiae
446 2149 622 2236 periculum
639 2163 698 2228 est,
713 2170 812 2235 quum
827 2150 868 2213 ad
888 2152 985 2214 unius
1000 2151 1103 2234 signa-

150 2252 214 2318 culi
237 2266 344 2318 notam
369 2252 448 2316 solvi
474 2266 506 2316 et
527 2251 633 2315 claudi
660 2256 781 2336 possint
805 2253 1022 2337 quorumlibet
1045 2275 1102 2316 ora

150 2355 348 2440 pontificum,
371 2366 404 2417 et
424 2354 519 2439 culpa
540 2352 692 2437 quaelibet
715 2354 872 2438 impunita
891 2369 1101 2440 pertranseat,

148 2469 181 2520 et
205 2456 389 2520 innocentia
413 2453 658 2518 condemnetur:
696 2455 792 2517 Unde
818 2457 850 2518 in
881 2457 1016 2543 eosqui
1042 2458 1102 2521 hoc

149 2569 343 2643 attemptare
364 2570 574 2642 praesumunt,
598 2556 913 2621 animadvertendum
937 2572 996 2636 est,
1020 2558 1101 2622 sicut

149 2658 180 2721 in
196 2658 305 2723 hostes
319 2657 465 2744 publicos
479 2670 509 2719 et
526 2657 624 2721 totius
638 2655 787 2731 ecclesiae,
805 2671 960 2741 quantum
977 2658 1008 2719 in
1024 2658 1103 2741 ipsis

149 2773 210 2838 est,
238 2761 451 2825 subversores.
507 2760 632 2823 Horum
664 2780 747 2821 unus
777 2759 863 2842 apud
902 2780 958 2822 ros
986 2758 1103 2834 latitat,

148 2865 191 2925 A.
208 2884 234 2927 s.
250 2860 291 2925 de
303 2860 518 2926 Grimelinche
533 2859 589 2945 qui
601 2859 717 2921 crimen
731 2858 814 2933 falsi,
830 2857 917 2942 quod
931 2859 961 2920 in
978 2870 1103 2942 aposto-

148 2961 217 3027 licis
241 2962 399 3027 oommisit
424 2959 580 3046 apicibus,
604 2959 744 3044 perjurio
769 2957 946 3035 cumulans,
971 2957 1102 3021 anathe-

147 3065 245 3129 matis
266 3062 393 3127 rinculo
417 3063 533 3127 meruit
560 3061 715 3124 innodari.
760 3058 967 3145 Praecipimus
993 3059 1102 3144 itaque

148 3180 185 3232 ut
202 3165 306 3252 ipsum
323 3163 448 3249 publice
469 3162 777 3227 excommunicatum
798 3161 1006 3239 denuncietis,
1022 3174 1054 3226 et
1075 3163 1101 3226 si

147 3264 374 3352 comprehendi
388 3278 507 3351 potest,
522 3266 614 3330 sicuti
631 3265 796 3329 manifeste
811 3265 974 3350 perjurum
993 3277 1025 3329 et
1044 3265 1102 3329 fal·

148 3365 268 3431 sarium
281 3365 324 3429 ad
339 3388 397 3430 uos
410 3365 534 3429 faciatis
552 3364 677 3428 adduci.
729 3368 780 3428 Ne
798 3387 872 3428 vero
892 3366 1009 3428 crimen
1031 3365 1100 3431 salsi

146 3466 250 3553 ipsum
281 3466 473 3530 commisisse
502 3464 667 3543 dubitetis,
692 3467 890 3551 exscriptum
920 3467 1099 3531 litterarum

149 3566 268 3632 domini
283 3589 377 3653 papae
393 3567 483 3631 vobis
495 3567 664 3631 transmitti
678 3568 898 3652 praecepimus,
910 3592 991 3655 quas
1005 3592 1102 3655 penes

147 3688 179 3730 se
206 3665 349 3730 bullatas
377 3688 457 3743 esse,
484 3666 552 3750 ipse
578 3679 610 3729 et
634 3666 795 3732 Jordanus
821 3668 988 3753 presbyter
1012 3669 1102 3753 jura-

151 3780 274 3833 rerunt.

408 4038 632 4106 EPISTOLA
658 4042 842 4104 LXXXIV.

188 4178 365 4240 accisam
381 4184 497 4235 sanctae
512 4170 679 4237 Trinitatis
696 4170 937 4253 Londoniensie,
952 4173 1102 4241 adversus

150 4275 330 4346 Martinam
346 4270 387 4335 de
403 4272 570 4337 Waltbam
585 4295 692 4357 agens,
708 4272 845 4336 decimas
859 4274 1013 4359 quasdam
1032 4297 1103 4358 per-

148 4375 284 4440 tinentes
310 4373 352 4436 ad
379 4372 539 4437 ecclesiam
566 4373 605 4435 de
630 4371 880 4436 Welcumeston.
914 4386 947 4436 et
968 4376 1102 4459 quasin

600 4481 648 4536 12
