3034 5500
411 753 453 812 96
660 765 798 811 JoaNNIS
813 763 1095 809 sasssnmusssrs
1267 746 1312 826 [s.
1328 767 1356 810 n.

403 916 471 1001 jam
494 916 600 1003 palam
623 915 763 1002 erumpit
787 914 943 1002 impietas,
966 928 999 979 et
1023 926 1059 979 ut
1081 913 1249 980 audaciam
1276 932 1355 981 tuam

406 1039 550 1084 exerceas
571 1019 602 1083 in
626 1018 830 1082 innocentum
853 1015 991 1093 laesione,
1017 1019 1165 1080 Romano
1188 1017 1355 1094 schismati,

404 1131 437 1186 et
451 1135 569 1186 nostroe
591 1120 769 1185 infirmitati
784 1141 878 1205 aeque
892 1117 1137 1203 congratularis.
1169 1119 1235 1184 Sed
1250 1134 1355 1205 potens

404 1236 452 1288 est
477 1224 645 1298 Dominus,
668 1244 757 1286 suam
780 1241 924 1284 serenare
949 1220 1138 1296 Ecclesiam,
1160 1235 1196 1287 et
1218 1234 1354 1286 nostrum

403 1347 464 1411 pro
492 1323 693 1410 beneplacito
724 1346 783 1387 suo
812 1321 950 1386 relevare
980 1321 1133 1402 laborem,
1160 1335 1195 1388 et
1223 1323 1282 1388 tibi
1304 1347 1356 1410 pro

404 1427 524 1493 meritis
537 1426 737 1513 respondere.
762 1422 1134 1510 Distuieramuspoenam
1145 1427 1355 1512 suspensionis

403 1529 446 1594 ad
461 1541 598 1615 tempus,
615 1527 682 1605 sed,
699 1540 734 1591 ut
750 1526 869 1590 dicitur
885 1538 921 1590 tu
944 1523 1069 1590 diutius
1083 1548 1212 1611 poenam
1229 1550 1355 1613 suspen·

404 1631 502 1696 sionis
517 1653 578 1695 non
594 1629 712 1719 pateris
727 1627 888 1713 suspendi.
935 1627 1054 1692 Niteris
1069 1627 1152 1691 enim
1177 1628 1262 1692 sedis
1279 1635 1356 1715 Apo-

405 1731 526 1797 stolicae
537 1742 657 1797 statuta
665 1729 852 1795 convellere.
875 1733 919 1795 Et
927 1729 969 1793 nd
981 1729 1208 1795 succidendam
1220 1731 1353 1795 radicem

403 1832 598 1899 fundaminis
614 1834 673 1910 tui,
689 1832 822 1897 securim
845 1854 997 1916 provocas
1015 1832 1229 1897 festinantem.
1275 1835 1355 1900 Con·

404 1947 467 1998 stat
483 1936 566 1998 enim
579 1934 731 1999 dilectum
745 1932 843 1999 filiurn
857 1947 1000 1998 nostrum
1014 1935 1037 1996 J
1038 1934 1196 1998 ordanum
1210 1936 1354 2000 Saresbe-

402 2035 513 2100 riensis
529 2036 668 2100 ecclesiae
684 2037 915 2100 thesaurarium
928 2059 948 2100 a
963 2039 1104 2100 Domino
1115 2059 1202 2123 papa
1212 2037 1354 2103 Adriano

402 2134 434 2200 in
457 2137 683 2224 possessionem
706 2137 847 2202 ecclesiis
869 2139 911 2202 de
931 2138 1037 2204 Froila
1058 2139 1301 2206 confirmatum:
1323 2156 1354 2205 et

402 2252 439 2303 tu
466 2261 551 2316 eum,
575 2243 656 2303 sicut
680 2240 750 2325 ejus
773 2239 893 2305 indicat
918 2240 1129 2326 querimonis,
1152 2244 1186 2305 in
1208 2241 1353 2329 injuriam

402 2339 677 2427 sedisapostolicae
692 2355 724 2406 et
736 2356 888 2419 nostram,
901 2341 1054 2407 violenter
1065 2356 1097 2408 et
1112 2366 1209 2407 mauu
1226 2356 1354 2424 armata,

400 2443 486 2530 quod
513 2466 570 2506 nec
594 2444 768 2519 staminum,
798 2466 855 2508 nec
876 2444 1061 2522 Moniaiem‚
1086 2468 1142 2510 nec
1172 2445 1351 2531 religiosum

400 2542 581 2631 quempiam
595 2543 695 2622 decet,
707 2543 882 2608 destituere
894 2546 1134 2631 praesumpsisti.
1181 2548 1269 2626 Quia
1278 2573 1352 2634 ergo

398 2645 615 2729 eiinjustitia
636 2645 744 2710 deesse
762 2638 826 2710 non
848 2670 1029 2732 possumus,
1053 2648 1111 2712 tibi
1135 2649 1351 2735 praecipiendo

398 2748 598 2827 mandamus,
614 2763 772 2837 quatenus
786 2752 815 2814 ei
831 2765 888 2815 aut
909 2748 1073 2836 praefatam
1093 2751 1258 2817 ecclesiam
1279 2777 1348 2818 cum

400 2851 580 2918 ablatorum
603 2852 785 2937 integritate
804 2852 871 2916 siue
893 2851 1043 2917 dilatione
1063 2853 1225 2934 restituas,
1245 2857 1349 2920 autin

398 2956 519 3020 octavis
534 2956 769 3042 Assumptiouis
795 2956 897 3020 beatae
917 2956 1029 3020 Mariae
1046 2968 1154 3019 nostro
1169 2957 1349 3043 conspectui

399 3074 497 3140 super
517 3054 650 3137 objectis
668 3076 822 3140 appareas
841 3078 1058 3141 responsurus.
1105 3055 1197 3121 Licet
1212 3058 1297 3121 enim
1311 3057 1350 3121 de

314 3190 316 3194 .
391 3154 468 3240 jure
482 3168 570 3218 tuam
592 3177 756 3241 possemus
772 3158 885 3242 punire
899 3156 1166 3222 inobedientiam:
1190 3158 1348 3224 malumus

280 3304 288 3317 .
395 3267 500 3319 tamen
516 3277 573 3340 per
592 3256 776 3341 patientiam
797 3270 964 3343 expectare
984 3257 1060 3323 dum
1083 3262 1148 3323 cito
1162 3276 1269 3326 errata
1282 3284 1348 3326 cor·

396 3353 492 3441 rigas,
519 3371 551 3421 et
581 3357 624 3421 sic
646 3357 815 3422 imminens
838 3358 1000 3444 flagellum
1023 3360 1158 3426 evadere
1189 3364 1348 3428 merearis.

397 3458 548 3523 Munitus
562 3472 609 3524 est
630 3460 794 3525 Jordanus
816 3461 992 3547 apostolico
1010 3462 1189 3550 privilegio,
1206 3470 1347 3531 munitus

394 3574 442 3624 est
454 3561 568 3626 litteris
584 3563 658 3639 tuis,
675 3564 820 3627 munitus
835 3577 883 3628 est
905 3564 1032 3629 testium
1049 3566 1251 3645 sufficientia,
1267 3570 1345 3634 sicut

394 3661 489 3742 nosti,
513 3678 546 3730 et
568 3666 745 3730 meminisse
767 3665 934 3744 debueras,
962 3691 1059 3753 quam
1084 3669 1234 3752 fideliter,
1250 3694 1344 3757 quam

395 3764 516 3832 utiliter
530 3769 598 3854 ipse
612 3783 644 3834 et
661 3770 710 3833 sui
725 3792 867 3855 persaepe
882 3768 1075 3834 sudaverint.

663 4030 887 4094 EPISTOLA
911 4032 1070 4095 LXXIII.

434 4159 588 4223 Omros
614 4160 692 4223 mihi
719 4184 882 4227 successus
905 4163 1035 4228 fortuna
1065 4164 1202 4243 invidet,
1231 4180 1264 4230 et
1291 4170 1342 4253 pio

389 4259 517 4326 affectui
547 4258 718 4346 saepissime
748 4263 846 4350 impia
875 4265 1065 4331 reluctatur.
1126 4268 1165 4330 In
1197 4269 1342 4354 partibus

389 4365 502 4430 restris
523 4364 627 4429 cordis
650 4370 710 4432 mei
741 4367 910 4435 thesaurus
932 4371 1056 4456 pridem
1081 4370 1205 4436 locatus
1228 4383 1288 4453 est,
1310 4387 1341 4438 et
