3034 5500
284 757 392 838 1166.]
667 777 845 824 sclarola.
981 772 984 776 ’
1172 767 1236 827 327

279 928 324 990 ita
349 930 489 1011 reprobi,
511 938 547 991 ut
569 928 735 995 dominum
761 932 948 1016 patientem,
969 932 1068 996 immo
1093 934 1235 1014 benigue

278 1027 470 1108 audientem,
485 1038 517 1092 et
532 1033 767 1115 correptoribus
789 1034 961 1097 habentem
984 1032 1112 1115 gratias,
1132 1035 1237 1099 nolint

278 1129 368 1210 quod
392 1130 552 1193 desiderat
574 1151 790 1208 commonere,
817 1141 852 1195 ut
876 1133 1052 1197 satisfaciat
1074 1132 1235 1197 Domino?

276 1231 316 1293 ln
333 1233 505 1296 consilium
521 1233 646 1297 illorum
669 1255 734 1297 non
751 1235 858 1298 veniat
878 1235 985 1298 anima
994 1235 1085 1319 justi,
1099 1256 1235 1319 quorum

278 1333 367 1395 furor
392 1333 582 1398 maledictus
605 1347 664 1412 est,
691 1337 767 1420 quia
792 1337 940 1419 pertinax
970 1348 1019 1400 est
1044 1337 1235 1418 indignatio,

279 1435 357 1518 quia
379 1436 468 1514 dura,
484 1439 695 1521 quaerentium
718 1439 898 1510 dumtaxat,
914 1446 950 1498 ut
973 1436 1060 1519 quod
1083 1439 1166 1501 male
1181 1436 1236 1500 diu

279 1534 386 1613 libuit,
415 1537 546 1619 impune
577 1538 696 1600 diutius
725 1538 830 1599 liceat.
884 1535 949 1599 Sed
978 1535 1034 1618 qui
1066 1548 1173 1621 sperat
1202 1537 1236 1599 in

281 1636 424 1702 Domino
434 1661 500 1702 non
511 1639 734 1715 confundetur,
746 1649 778 1700 et
793 1638 848 1721 qui
860 1638 1036 1700 Dominum
1048 1659 1114 1721 prae
1123 1638 1237 1701 mundi

280 1741 493 1822 potestatibus
523 1742 706 1816 timuerunt,
736 1761 803 1803 non
839 1739 992 1803 deficient
1021 1740 1109 1802 omni
1138 1742 1236 1804 bono.

282 1841 406 1904 Valetc.

281 2137 504 2199 EPISTOLA
527 2138 850 2202 CLXXXVll.—an
872 2156 1046 2202 nrcoaauu
1063 2158 1107 2202 na
1122 2157 1238 2202 neura

499 2258 773 2303 noruouacuusr.
800 2242 846 2321 [A.
861 2259 892 2303 n.
913 2242 1020 2322 naa]

387 2397 549 2479 Magistro
564 2399 701 2459 Nicolao
716 2398 755 2460 de
771 2397 885 2460 Monte
901 2399 1137 2480 Rotomayenet'.

329 2540 428 2610 Quor>
450 2537 508 2599 tibi
531 2536 630 2598 rarius
652 2535 770 2611 scribo,
786 2556 827 2597 ex
842 2536 937 2598 variis
958 2537 1064 2600 causis
1086 2549 1145 2616 est,
1160 2560 1240 2621 quas

285 2639 399 2701 referre
415 2659 479 2699 non
495 2645 631 2718 oportet,
647 2645 713 2696 tum
734 2635 810 2716 quia
831 2636 937 2718 plures
959 2657 1065 2698 earum
1081 2637 1141 2699 tibi
1155 2649 1240 2701 notae

286 2750 372 2816 sunt,
392 2752 458 2802 tum
482 2738 558 2821 quia
580 2736 659 2800 alias
680 2757 745 2798 non
769 2734 901 2818 expedit
923 2735 1095 2818 publicare.
1141 2738 1239 2802 Nunc

285 2852 391 2905 autem
418 2863 437 2902 a
464 2837 632 2902 scribendo
658 2859 719 2901 nec
743 2858 873 2899 manum
894 2859 953 2901 nec
979 2838 1122 2899 animum
1148 2839 1240 2921 potui

285 2943 448 3018 cohibere,
472 2963 570 3024 quum
593 2941 626 3002 in
651 2938 790 3003 adventu
812 2938 913 3001 fratris
936 2938 1036 3000 nostri
1059 2938 1239 3017 didicerim,

286 3044 374 3130 quod
389 3067 432 3107 ex
447 3043 646 3107 liberalitatis
662 3056 724 3105 ture
738 3042 861 3105 indicio
877 3042 907 3104 ei
922 3042 1070 3120 innotuit,
1086 3064 1182 3126 quem
1197 3042 1240 3106 ad

287 3169 339 3210 me
361 3157 394 3208 et
413 3168 502 3208 meos
524 3148 674 3207 affectum
694 3145 825 3207 habeas.
871 3145 1015 3216 Quantas
1034 3144 1142 3227 itaque
1164 3166 1237 3226 pos·

287 3269 358 3311 sum
380 3247 420 3308 de
440 3247 635 3309 humanitate
658 3246 704 3307 illi
723 3266 782 3329 per
802 3265 931 3308 manum
956 3245 997 3305 R.
1021 3242 1060 3306 de
1080 3243 1241 3307 Luneseia

287 3349 443 3425 exhibita,
479 3346 646 3412 dilectioni
683 3358 746 3409 tute
784 3346 902 3427 gratias
938 3367 1010 3427 ago,
1049 3344 1240 3429 quandoque

287 3460 418 3513 auctore
441 3451 581 3513 Domino
606 3448 785 3529 condignas
806 3458 945 3511 acturus.
990 3448 1106 3528 Magni
1130 3447 1241 3533 utique

288 3552 372 3614 sacio
388 3552 473 3635 quod
488 3552 604 3629 fecisti,
617 3550 674 3614 sed
690 3572 728 3613 eo
745 3549 881 3635 majoris,
895 3570 959 3633 quo
975 3548 1073 3612 fidem
1087 3551 1122 3613 in
1137 3551 1241 3614 homi·

286 3654 393 3726 nibus,
404 3653 501 3735 juxta
515 3650 714 3736 prophetiam
726 3651 906 3734 Evangelii,
916 3650 986 3735 jam
1002 3652 1157 3715 cariorem
1172 3672 1242 3714 esse

288 3754 495 3837 perspicuum
510 3764 572 3817 est:
590 3754 764 3835 praesertim
777 3775 875 3835 quum
891 3749 924 3814 in
940 3773 979 3816 ea
991 3762 1084 3815 aetate
1099 3760 1133 3815 et
1146 3762 1241 3831 gente

287 3856 369 3919 editi
386 3856 496 3932 simuS,
508 3856 564 3917 ubi
580 3856 648 3917 sine
664 3854 834 3937 dispendio
850 3853 928 3916 fidei
939 3854 995 3915 vix
1010 3852 1129 3936 aliquis
1144 3852 1244 3916 fidem

289 3956 364 4020 iacit
387 3956 463 4018 fidei
493 3978 569 4019 srrae.
616 3956 834 4019 Certissimum
858 3975 996 4038 namque
1021 3962 1244 4036 argumentum

290 4058 366 4121 fidei
381 4070 430 4121 est
444 4068 629 4141 contempta
652 4055 752 4119 fides:
776 4069 808 4119 et
824 4056 879 4139 qui
898 4057 1040 4119 Domino
1056 4057 1243 4138 promissam

290 4159 388 4223 fidem
417 4159 458 4223 ad
489 4160 652 4223 arbitrium
682 4157 853 4221 mundanae
876 4158 1042 4241 potestatis
1071 4178 1136 4220 non
1167 4157 1244 4220 facit

290 4263 421 4340 initam,
444 4261 642 4324 convincitur
663 4259 817 4324 infidelia.
868 4259 903 4322 Si
928 4259 1008 4321 mihi
1037 4279 1104 4320 non
1126 4257 1242 4335 credis,

290 4365 441 4447 operibus
456 4364 540 4426 habe
562 4362 669 4439 fidem,
685 4383 769 4444 quae,
786 4378 819 4425 ut
839 4362 884 4424 ait
903 4362 1008 4436 Jcsus,
1025 4378 1119 4442 quern
1135 4356 1243 4421 denuo
