3034 5500
415 757 457 821 88
669 778 805 822 scaurus
821 777 1101 823 saansaanreusrs
1272 761 1318 843 [a.
1335 783 1362 828 u.

416 1029 549 1114 gaverit.
605 1029 814 1116 Praecipimus
836 1032 958 1118 itaque,
982 1045 1017 1097 ut
1044 1032 1151 1116 ipsum
1174 1035 1367 1121 compellatis

417 1131 591 1207 restituere,
620 1132 709 1218 quod
740 1133 772 1196 in
807 1133 1018 1198 aestimatione
1050 1133 1136 1198 dotis
1166 1137 1312 1220 promisit
1337 1138 1366 1200 in

417 1233 585 1320 praesentia
601 1233 968 1326 dominilWigorniensis
983 1247 1039 1297 aut
1055 1233 1207 1320 amplius,
1217 1249 1367 1322 quantum

417 1334 499 1400 ratio
513 1334 666 1420 exegerit,
681 1335 706 1401 si
722 1333 764 1400 ad
778 1335 840 1399 hoc
854 1337 925 1421 ejus
939 1349 1118 1422 suppetunt
1133 1336 1316 1404 facultates.

694 1614 914 1680 EPISTULA
939 1613 1100 1678 LXVIII.

464 1749 647 1814 Calamus
677 1747 765 1814 zelus
793 1747 977 1814 accenditur
1006 1749 1038 1812 in
1069 1748 1223 1835 praeiatis,
1250 1749 1371 1834 quoties

419 1847 663 1933 deprehendunt
699 1850 733 1913 in
770 1850 913 1915 moribus
947 1850 1178 1935 subjectorum,
1210 1849 1297 1913 unde
1328 1849 1372 1913 ais

419 1952 519 2036 possit
539 1952 651 2016 salutis
673 1952 877 2038 dispendium
900 1953 1072 2019 imminere.
1119 1956 1188 2017 Nos
1205 1969 1311 2017 autem
1332 1973 1369 2016 ex

421 2066 547 2116 tuarum
577 2054 781 2139 conceptione
811 2053 990 2119 litterarum
1021 2068 1053 2118 te
1082 2055 1228 2118 decorem
1260 2053 1371 2118 domus

420 2151 550 2216 Domini
563 2151 741 2218 desiderare
755 2153 958 2232 confidimus,
970 2155 1065 2240 eique
1076 2155 1165 2240 operi
1177 2153 1371 2237 diligentiam

420 2253 648 2339 praestiturum,
680 2268 716 2319 ut
745 2256 779 2319 in
808 2270 864 2320 tua
892 2256 1039 2322 custodia
1070 2255 1185 2320 mundi
1214 2256 1290 2332 sint,
1320 2256 1372 2340 qni

419 2355 528 2420 serunt
544 2379 618 2420 vasa
638 2358 782 2436 Domini,
797 2372 829 2421 et
850 2371 888 2422 ut
910 2359 1049 2422 Domino
1068 2358 1209 2445 puritate
1231 2373 1371 2433 actuum,

419 2471 452 2523 et
467 2481 591 2522 morum
613 2460 795 2525 innocentia
816 2475 1049 2540 consecrentur,
1063 2461 1120 2546 qui
1141 2460 1170 2524 ei
1194 2459 1313 2525 debent
1333 2483 1372 2523 ex

419 2559 564 2646 injuncto
575 2561 635 2628 sibi
646 2562 749 2626 officio
760 2563 820 2626 sibi
831 2563 977 2627 subditos
987 2585 1180 2628 consecrare.
1211 2564 1371 2628 Caeterum

420 2663 508 2750 quod
524 2687 543 2727 a
557 2665 649 2728 nobis
659 2664 692 2728 in
707 2665 804 2728 rebus
814 2688 876 2729 non
892 2664 1052 2752 ambiguis
1065 2665 1234 2729 consilium
1249 2665 1373 2751 exigere

420 2764 560 2843 voluisti,
586 2766 775 2831 humilitatis
798 2783 873 2831 nota
896 2779 955 2847 est,
979 2789 1042 2830 non
1065 2767 1256 2852 ignorantias
1282 2789 1375 2852 argu·

420 2883 574 2935 mentum.
621 2868 785 2956 Siquidem
807 2882 863 2932 tua
883 2867 1032 2932 discretio
1058 2890 1120 2931 non
1144 2867 1274 2954 ignorat
1297 2867 1372 2954 quid

421 2973 500 3036 sacri
530 2996 664 3038 canones
701 2985 843 3036 statuant
877 2970 918 3034 de
946 2972 1141 3036 continentia
1175 2973 1371 3036 clericorum.

421 3079 504 3139 Nam
525 3088 557 3139 et
578 3074 710 3140 Siricius
732 3097 817 3160 papa
839 3074 917 3138 alias
940 3074 973 3138 in
994 3073 1090 3137 domo
1105 3073 1292 3138 clericorum
1308 3094 1373 3138 esse

422 3197 483 3238 nou
507 3176 644 3260 patitur:
666 3175 725 3238 nisi
742 3198 795 3238 eas
816 3189 940 3240 tantum
965 3199 1047 3262 quas
1064 3189 1199 3263 propter
1219 3178 1303 3241 solas
1323 3198 1376 3239 ne·

420 3275 650 3341 cessitudinum
680 3298 793 3342 causas
821 3277 965 3343 babitare
990 3301 1065 3342 cum
1090 3278 1208 3343 eisdem
1235 3278 1374 3366 synodus

424 3378 554 3444 Nicaena
576 3376 729 3465 permisit.
775 3384 841 3445 Eas
856 3394 963 3446 autem
984 3394 1048 3445 tam
1070 3404 1109 3445 ex
1133 3381 1270 3447 decretis
1285 3383 1374 3467 Sym·

422 3481 537 3562 machi,
566 3505 663 3568 quam
693 3506 733 3547 ex
768 3483 901 3548 concilio
931 3482 1189 3569 Carthaginensi,
1218 3484 1377 3569 variisque

423 3585 636 3651 sanctionibus
655 3589 872 3652 Romanorum
895 3585 1081 3671 pontificum
1103 3584 1198 3649 facile
1217 3599 1267 3650 est
1288 3584 1372 3649 colii·

422 3711 509 3774 gere,
536 3702 573 3752 ut
598 3688 649 3753 hae
675 3687 751 3754 sotae
777 3687 946 3752 videantur
970 3686 1108 3767 admitti,
1130 3709 1150 3749 a
1174 3687 1297 3773 quibus
1321 3699 1376 3751 aut

423 3803 550 3866 natura,
575 3806 632 3856 aut
659 3790 835 3855 reverentia
864 3812 1002 3867 morum,
1027 3804 1085 3852 aut
1108 3788 1243 3853 honesta
1270 3811 1375 3862 causa,

423 3889 528 3976 qualis
547 3902 596 3955 est
616 3891 785 3971 miseratio,
799 3892 832 3955 in
852 3890 977 3955 afflictis
996 3905 1028 3955 et
1051 3912 1184 3976 corpore
1205 3888 1377 3954 debilitatis

423 4014 548 4055 omnem
575 3992 709 4056 sinistrae
734 3992 892 4079 opinionis
917 3991 1072 4056 maculam
1096 3990 1212 4055 demit:
1245 4004 1277 4055 et
1303 3990 1375 4054 licat

425 4092 569 4178 plerique
599 4115 733 4156 canones
756 4106 901 4163 matrem,
924 4116 1074 4169 sororem,
1097 4092 1214 4172 aviam,
1237 4092 1375 4165 amitam,

424 4207 637 4270 materteram,
654 4209 775 4279 neptes,
796 4193 1065 4279 domesticamque
1085 4192 1240 4257 familiam
1259 4207 1292 4258 et
1311 4214 1377 4279 per·

425 4320 516 4363 sonas
546 4319 627 4383 quas
654 4297 823 4361 conciliant
853 4297 947 4382 primi
979 4295 1100 4380 gradus
1132 4295 1308 4370 affinitatis,
1337 4314 1372 4356 ex

426 4399 659 4466 cohabitatione
689 4397 791 4462 noluit
817 4420 884 4461 esse
910 4413 1081 4482 suspectas.
1130 4400 1252 4461 Beatus
1277 4410 1376 4461 tamen
