3034 5500
295 751 489 831 uss-oa]
694 768 872 814 semrom.

366 1036 609 1104 EPISTOLA
636 1038 825 1103 (llll—an
840 1058 870 1102 a.
887 1059 1155 1107 canonicatuum.

628 1189 671 1252 R.
689 1185 895 1251 Concellario.

324 1312 480 1374 Gaartas
508 1319 645 1392 quantas
674 1329 814 1393 possum,
844 1309 921 1394 quia
956 1324 1092 1396 quantas
1126 1313 1237 1392 debeo,

283 1408 416 1473 reddere
443 1430 506 1471 non
533 1407 664 1487 sufficio,
690 1410 793 1473 refero
820 1411 1003 1495 paternitati
1031 1427 1152 1491 vestrm,
1180 1439 1238 1502 pro

284 1509 402 1574 honore
416 1523 449 1574 et
468 1510 629 1573 beneficiis
648 1510 726 1574 milti
746 1524 779 1575 et
799 1515 876 1575 meis
896 1535 915 1574 a
938 1513 1026 1576 vobis
1041 1536 1166 1600 semper
1180 1540 1234 1581 ex-

281 1611 403 1688 hibitis,
419 1626 453 1675 et
469 1611 605 1674 maxime
620 1611 761 1698 eoquod
779 1611 864 1675 solus
878 1616 962 1678 inter
977 1614 1105 1694 multos,
1119 1617 1238 1702 quibus

279 1711 410 1776 devotio
432 1735 502 1775 mea
525 1712 720 1798 quandoque
742 1712 895 1788 innotuit,
920 1737 969 1777 me
992 1714 1106 1779 litteris
1127 1719 1237 1782 vestris

282 1813 312 1876 in
340 1836 437 1877 manu
465 1814 649 1878 nuntiorum
676 1836 831 1894 meorum,
856 1814 999 1880 adhibita
1024 1816 1236 1883 consolatione

280 1914 417 1978 curastis
431 1915 598 1978 instruere.
639 1914 749 1977 Vestro
762 1913 870 1999 itaque
881 1916 1012 1979 consilio
1023 1917 1238 2002 adquiescens,

281 2016 463 2080 convocatis
492 2017 541 2091 iis,
572 2039 654 2101 quos
687 2017 842 2099 oportuit,
872 2017 905 2079 in
936 2019 1043 2098 verbo,
1072 2019 1156 2086 sicut
1185 2046 1236 2087 me

280 2117 445 2193 docuistis,
471 2118 620 2203 processi,
647 2141 666 2180 a
692 2117 849 2182 mandatis
874 2120 1064 2205 apostolicis,
1090 2145 1146 2186 nec
1176 2147 1235 2210 pro

283 2220 450 2307 temporali
483 2222 548 2284 vita
571 2233 603 2284 et
636 2221 667 2283 in
709 2219 839 2283 minimo
876 2245 1065 2289 recessurus.
1123 2226 1238 2291 Videat

281 2322 412 2386 ecclesia
427 2325 571 2386 Romana
584 2321 664 2407 quid
682 2321 842 2407 praecipue
860 2322 947 2402 velit,
961 2339 1018 2389 aut
1041 2325 1120 2411 quid
1141 2350 1236 2414 expe-

281 2425 359 2505 diat,
382 2449 443 2511 pro
464 2427 545 2506 ipsa,
568 2425 592 2488 si
619 2448 743 2488 necesse
769 2438 828 2502 est,
852 2439 984 2510 paratus
1010 2451 1093 2503 sum,
1117 2443 1149 2494 et
1169 2453 1236 2494 car·

280 2549 394 2607 cerem,
409 2539 441 2592 et
456 2528 488 2590 in
505 2541 638 2591 mortem
654 2527 717 2591 ire:
741 2527 887 2612 quisquis
902 2527 933 2591 in
949 2529 1087 2592 ecelesiae
1101 2531 1235 2599 auribus

282 2628 437 2692 Romanae
459 2629 500 2692 de
522 2651 572 2692 me
596 2628 685 2692 aliud
711 2628 801 2704 dicit,
824 2628 864 2692 de
890 2651 948 2692 suo
974 2629 1130 2715 loquitur,
1157 2632 1235 2717 quia

280 2730 478 2797 mendacium
502 2729 654 2816 loquitur.
702 2729 869 2794 Exhibitio
893 2730 1138 2814 preteritorum,
1162 2756 1235 2817 pro-

280 2834 367 2900 batio
393 2835 577 2898 futurorum
600 2846 657 2897 est.
703 2836 760 2897 Me
780 2832 849 2915 jam
873 2830 968 2894 tertio
992 2853 1050 2915 pro
1076 2830 1235 2896 mandatis

278 2934 462 3022 apostolicis
476 2933 635 3021 periculis,
652 2935 750 2997 immo
769 2945 801 2996 et
822 2932 917 2994 morti
940 2930 1085 3015 exposui.
1132 2930 1235 2994 Num·

279 3038 360 3124 quid
375 3038 408 3101 in
425 3038 487 3100 fine
503 3036 562 3100 viae
577 3050 609 3102 et
626 3040 698 3100 vitae
719 3057 812 3099 senex
835 3047 988 3097 aeternum
1010 3031 1095 3117 longi
1118 3030 1236 3097 laboris

278 3141 409 3226 etjugis
420 3138 609 3204 obedientiae
621 3138 787 3223 praemium
801 3159 860 3220 pro
871 3156 1074 3221 quacumque
1085 3134 1236 3221 temporis

280 3240 385 3304 fallaci
401 3239 605 3327 promissione
615 3238 817 3302 immutabo?
840 3241 923 3300 Ante
936 3234 1013 3298 mihi
1026 3249 1133 3321 pereat
1145 3249 1234 3301 totus
1299 3307 1305 3318 ,

281 3341 434 3415 mundus,
454 3364 551 3427 quam
567 3361 626 3423 ego
642 3363 700 3425 pro
715 3340 786 3425 ipso
808 3360 932 3424 peream
949 3335 1021 3400 Deo
1035 3360 1113 3403 meo.
1154 3339 1236 3403 Haec

279 3442 351 3506 ideo
366 3441 444 3528 quia
459 3439 614 3527 quosdam
629 3439 830 3504 dominorum
851 3460 992 3501 meorum
1012 3438 1232 3504 Cardinalium

277 3542 371 3609 aliter
385 3565 484 3629 quam
500 3541 578 3607 mihi
592 3555 624 3606 et
639 3541 778 3604 ecclesiae
794 3563 871 3605 meae
887 3538 1047 3625 expediat,
1063 3554 1119 3604 aut
1136 3565 1233 3626 quam

278 3668 338 3729 ego
352 3644 394 3707 de
409 3642 602 3708 conscientia
616 3664 687 3706 mea
701 3640 881 3728 mequerim
897 3639 929 3701 in
944 3662 995 3703 me
1014 3640 1112 3706 audio
1131 3640 1234 3706 anim·

279 3746 446 3811 adversos:
486 3744 606 3830 quibus
624 3744 649 3807 si
665 3743 798 3830 deliqui,
819 3743 906 3829 quod
923 3754 1026 3807 tamen
1043 3766 1104 3807 non
1120 3744 1235 3826 recolo,

277 3862 429 3934 tanquam
460 3846 597 3910 dominis
622 3859 654 3910 et
678 3846 826 3938 patribus
851 3844 962 3908 debita
986 3845 1169 3910 humilitate
1196 3846 1233 3909 li·

277 3948 462 4015 beatissime
483 3947 683 4012 satisfaciam.
730 3947 763 4010 Si
786 3969 847 4010 non
870 3945 1004 4030 deliqui,
1023 3946 1155 4011 obsecro
1175 3972 1232 4034 per

277 4049 524 4115 misericordiam
552 4049 680 4114 Domini
708 4063 739 4112 et
755 4050 881 4132 justum
904 4047 1066 4133 judicium
1089 4049 1171 4134 ejus,
1196 4065 1232 4114 ut

275 4166 444 4217 amoveant
456 4165 616 4234 conceptae
627 4149 852 4233 indignationis
865 4149 1001 4225 aculeos,
1013 4165 1045 4213 et
1060 4164 1230 4236 antequam

277 4256 352 4318 milri
369 4256 451 4320 bene
467 4253 658 4339 promerenti
674 4253 788 4316 amodo
804 4253 972 4317 restituant
993 4252 1140 4335 gratiam.
1187 4255 1232 4316 Et

274 4356 349 4441 quia
366 4354 474 4420 nuncii
491 4356 551 4417 mei
568 4377 586 4416 a
602 4354 793 4440 quibusdam
807 4354 912 4417 minus
925 4352 1004 4415 bene
1020 4352 1231 4434 recipiuntur,
