3034 5500
280 791 359 853 11⁶6
371 790 400 868 .]
673 803 854 851 anrsroaa.
1178 796 1240 853 225

275 957 542 1043 propitiationem
557 958 618 1021 Dei
631 957 771 1022 debeant
781 958 944 1022 demereri.
980 961 1055 1023 Non
1066 961 1151 1023 enim
1161 961 1237 1024 licet

277 1082 297 1127 a
316 1060 545 1145 propitiatorio
568 1061 673 1125 vultus
695 1073 843 1124 avertere.
888 1060 924 1124 si
946 1081 1021 1144 ergo
1042 1064 1075 1124 in
1098 1063 1150 1126 bis
1172 1063 1237 1127 suis

278 1163 402 1246 angelis
417 1161 538 1246 reperit
552 1162 645 1225 Deus
659 1162 858 1245 pravitatem,
872 1184 1007 1246 eamque
1027 1165 1149 1248 puniat,
1165 1166 1237 1248 quis

279 1263 484 1328 subditorum
514 1284 629 1327 causas
659 1262 747 1346 apud
773 1263 972 1326 Altissimum
997 1263 1065 1349 jam
1092 1266 1236 1329 ventilari

279 1362 408 1442 diffidit,
422 1375 479 1427 aut
499 1380 570 1427 esse
586 1361 773 1427 ventilatas?
805 1363 1008 1428 circumferat
1030 1366 1104 1449 quis
1125 1368 1237 1429 oculos

280 1462 402 1527 mentis
426 1476 459 1527 et
484 1463 648 1527 intueatur
677 1472 755 1546 quot
782 1472 815 1525 et
844 1463 956 1546 quales
984 1463 1182 1527 adversarios
1207 1465 1237 1527 ei

282 1563 446 1628 Dominus
462 1565 673 1642 suscitaverit,
687 1585 730 1628 ex
754 1583 818 1647 quo
834 1563 985 1627 adversus
1007 1565 1181 1627 Dominum
1203 1567 1238 1628 in

280 1664 487 1750 depressione
498 1667 656 1730 Ecclesiae
668 1665 770 1729 erexit
782 1667 966 1729 calcaneum
979 1679 1128 1738 suomet
1142 1668 1238 1748 plane

276 1768 455 1846 mirabitur,
479 1778 513 1831 et
537 1769 565 1831 si
594 1767 733 1851 prudens
764 1779 814 1831 cst
842 1768 1051 1840 venerabitur,
1076 1766 1236 1850 judicium

283 1868 430 1947 Domini,
444 1871 499 1954 qui
522 1892 586 1933 non
610 1871 828 1954 imperatores,
851 1890 915 1931 non
940 1890 1041 1949 reges,
1064 1891 1130 1932 nou
1153 1868 1238 1953 prio·

281 1971 374 2054 cipes
388 1972 567 2048 nationum,
582 1982 617 2035 ut
632 1973 738 2056 ipsum
763 1971 918 2045 domaret,
934 1971 1040 2051 elegit,
1056 1969 1114 2033 scd
1136 1981 1239 2033 extre·

280 2092 353 2136 rnos
365 2072 532 2136 hominum
549 2073 710 2149 Britooes,
727 2070 938 2135 Nivicollinos
955 2072 1067 2154 primo,
1078 2081 1111 2134 et
1127 2081 1239 2155 postca

280 2174 356 2237 illos
364 2172 406 2237 ad
415 2173 701 2238 contradictionem
710 2187 742 2237 et
750 2174 893 2237 solemne
904 2186 1063 2238 certamen
1076 2174 1239 2247 animavit,

281 2274 340 2359 qui
355 2275 487 2357 vestigia
502 2274 620 2359 pedum
635 2275 706 2358 ejus
721 2286 952 2338 consueverant
967 2274 1108 2351 adorare,
1122 2289 1155 2338 ct
1168 2274 1237 2338 lraec

282 2375 427 2461 quidem,
453 2387 580 2439 utnon
611 2376 762 2458 glorietur
791 2377 895 2438 omnis
924 2397 1010 2453 caro,
1035 2375 1092 2440 sed
1121 2398 1239 2439 nomeu

283 2478 419 2542 Domini
435 2479 476 2543 sit
490 2477 697 2542 benedictum
710 2478 742 2540 in
759 2479 878 2542 secula.
915 2478 969 2541 Sic
986 2477 1027 2540 ad
1044 2477 1239 2562 puniendam

281 2579 542 2662 ingratitudinem
565 2579 746 2643 Salomonis
770 2579 949 2643 recedentis
964 2601 984 2642 a
1004 2579 1157 2656 Domino,
1174 2600 1239 2641 non

283 2690 352 2744 tam
376 2680 538 2766 principes
559 2679 672 2758 erexit,
692 2701 788 2765 qnam
811 2680 1010 2743 latrunculos
1031 2692 1065 2742 ct
1087 2699 1193 2742 servos
1208 2691 1240 2741 et

284 2782 440 2866 abjectos.
486 2784 556 2846 Nec
572 2783 751 2867 suspicetur
774 2783 935 2866 quispiam
958 2791 993 2842 ut
1015 2779 1130 2842 amodo
1153 2801 1240 2861 pros-

284 2896 414 2968 peretur
438 2884 583 2948 conditio
609 2883 691 2968 ejus,
714 2885 777 2947 nisi
805 2881 947 2946 Domino
974 2880 1164 2965 propitiante
1187 2902 1243 2963 per

285 2986 510 3070 poenitentiam
525 2996 708 3063 revertatur,
723 2997 755 3049 et
775 2984 877 3066 magis
899 2985 953 3066 pio
968 2993 1074 3045 utatur
1096 2980 1241 3044 consilio.

286 3084 384 3161 Nam,
406 3098 444 3150 ut
464 3085 625 3171 propheta
645 3088 796 3171 loquitur,
819 3086 855 3148 in
878 3086 986 3149 diebus
1007 3089 1038 3147 ct
1062 3081 1243 3165 ropionibus

285 3188 406 3252 noctus
426 3190 554 3253 inventi
574 3196 654 3252 sunt
677 3187 769 3252 stulti
789 3189 955 3272 principer
982 3186 1164 3270 Tcplmcor,
1187 3184 1243 3267 qui

285 3290 351 3372 regi
374 3311 434 3354 suo
457 3291 626 3355 consilium
650 3288 808 3354 dederunt
829 3291 994 3373 insipiens.
1039 3288 1147 3352 Urunt
1168 3307 1242 3348 cum

285 3389 431 3475 undique
460 3391 705 3468 sollicitudines,
734 3389 791 3453 sed
821 3391 940 3454 bellum
971 3388 1061 3471 quod
1091 3388 1243 3452 adversus

286 3489 449 3554 Christum
471 3503 503 3554 et
517 3492 688 3556 ecclesiam
704 3501 842 3569 exercet,
857 3490 989 3555 ulterius
1010 3503 1195 3576 praegravat,
1210 3501 1242 3553 et

285 3591 316 3654 ei
346 3590 471 3656 videtur
500 3592 734 3657 inextricabilis
762 3593 963 3675 labyrinthus
989 3602 1021 3656 et
1051 3593 1242 3656 execrabilis

285 3694 386 3757 labor.
426 3694 549 3759 Accitis
564 3716 639 3778 ergo
655 3716 757 3778 nuper
771 3693 812 3757 ad
828 3696 1024 3778 colloquium
1038 3694 1242 3759 Chinoneuse

288 3795 491 3877 magnatibus
506 3796 570 3859 suis
586 3818 659 3860 curn
670 3794 890 3872 familiaribus,
902 3796 956 3879 qui
971 3816 1074 3858 rerum
1091 3795 1243 3857 malarum

288 3896 478 3961 industriam
493 3895 612 3961 habere
628 3895 861 3979 dignoscuntur
871 3909 903 3960 ct
918 3918 1021 3977 usum,
1036 3907 1069 3960 ct
1086 3897 1245 3979 sapientes

288 4010 363 4063 sunt
376 4012 414 4063 ut
432 3998 554 4064 dictent
575 4009 608 4062 et
622 3999 742 4063 iaciant
764 4000 859 4078 male,
874 4000 1046 4063 studiosius
1067 3996 1245 4080 inquisivit,

288 4121 360 4163 cum
387 4101 564 4184 promissis,
586 4100 692 4177 minis,
707 4113 740 4163 et
766 4101 977 4164 obtestatione
1001 4098 1244 4183 quamplurima,

289 4222 429 4284 quonam
453 4201 588 4266 consilio
603 4201 666 4265 sibi
685 4200 838 4264 utendum
854 4212 940 4265 esset
954 4200 1106 4263 adversus
1127 4200 1244 4261 Eccle-

290 4297 379 4379 siam,
395 4301 437 4367 de
453 4302 674 4367 cantuariensi
700 4302 942 4384 archiepiscopo
968 4300 1152 4381 gravissime
1169 4318 1244 4359 con-

292 4424 436 4488 querens,
451 4426 518 4467 non
534 4405 602 4468 sine
617 4404 790 4486 gemitibus
805 4416 837 4466 et
852 4402 994 4484 suspiriis
1009 4400 1138 4463 multis:
1163 4409 1195 4458 et
1210 4407 1245 4459 ut

334 4525 406 4571 voc.
425 4525 447 4569 1.
767 4522 788 4572 0
