3034 5500
432 775 494 832 tto
691 782 827 827 tonnus
843 780 1127 826 saamsnurnusrs
1291 765 1335 843 [s.
1349 783 1374 826 n.

456 1061 676 1126 EPISTOLA
700 1062 954 1125 CLXXV.-an
969 1077 1118 1122 raanan
1134 1038 1357 1122 cnaruaninu-

576 1180 643 1224 sna
659 1179 967 1224 ancaramscoenu.
1016 1160 1060 1238 [a.
1081 1179 1113 1223 n.
1133 1161 1247 1240 1166]

438 1315 571 1378 Tttamae
602 1314 831 1376 Oantaarieasi
856 1311 1108 1390 archiepiscopo,
1134 1312 1235 1373 Joan.
1266 1309 1379 1372 saresb.

477 1416 624 1479 Salutem
639 1422 670 1475 et
691 1411 872 1490 confortari
893 1412 929 1471 ia
950 1427 987 1470 eo
1009 1409 1067 1488 qui
1088 1409 1234 1489 dissepat
1254 1409 1379 1470 conatis

474 1517 630 1595 acutiam,
641 1521 673 1576 et
688 1515 864 1594 impiarum
875 1516 1009 1571 cenatas
1022 1518 1162 1570 evacuat
1175 1518 1209 1571 et
1217 1518 1383 1589 potestates

477 1617 600 1678 evertit.

476 1752 605 1814 Racuer
627 1771 730 1833 nuper
755 1751 878 1811 litteras
902 1747 1103 1831 paternitatis
1128 1759 1251 1823 vesum,
1274 1749 1383 1830 quibas

433 1850 606 1934 praecipitis
621 1861 657 1914 ut
671 1850 762 1912 vobis
777 1848 947 1911 rescribam
964 1848 1051 1930 quod
1068 1847 1148 1910 mihi
1164 1847 1269 1909 visum
1285 1847 1381 1922 fuerit,

432 1952 587 2034 inspectis
602 1951 717 2014 litteris
732 1949 854 2013 domini
869 1948 1120 2012 Saresberiensis
1140 1960 1174 2011 et
1196 1947 1334 2011 loannis
1346 1949 1382 2010 de

432 2050 619 2113 Oxenesord
642 2061 676 2113 et
699 2049 847 2131 Magistri
874 2048 1004 2111 Hervoei
1032 2059 1065 2112 et
1096 2048 1223 2112 domini
1251 2048 1380 2112 Nicolai.

430 2149 515 2210 Puer
529 2160 635 2212 autem
651 2170 757 2232 neque
768 2152 915 2213 Joannes
929 2168 1034 2232 neque
1045 2150 1207 2230 Magister
1222 2150 1381 2225 Heraeus,

429 2269 509 2330 quas
524 2249 696 2331 plurimum
712 2248 861 2311 desidero
875 2250 995 2312 litteras
1009 2248 1151 2326 tradidit,
1167 2249 1227 2312 sed
1250 2261 1380 2313 mentem

426 2349 561 2410 Joannis
576 2368 619 2410 ex
634 2347 746 2410 nestris
767 2360 800 2410 et
821 2347 977 2432 episcopi,
992 2358 1025 2409 et
1040 2347 1186 2430 Capituli
1210 2348 1379 2412 Saresberi-

427 2450 514 2513 ensis
530 2450 622 2513 sacilc
638 2462 687 2513 est
701 2470 888 2530 agnoscere.
935 2448 1070 2514 Electus
1086 2471 1161 2513 vero
1178 2452 1380 2516 carnotensis

428 2550 505 2635 quid
526 2551 617 2614 vobis
639 2549 867 2630 significaverit
888 2548 1010 2627 nescio,
1026 2549 1101 2632 quia
1123 2548 1157 2611 in
1181 2551 1295 2615 litteris
1316 2554 1379 2635 ejus

427 2651 509 2715 nihil
539 2651 627 2715 aliud
656 2651 848 2727 continetur,
877 2649 938 2712 nisi
969 2659 1005 2712 ut
1034 2648 1207 2714 Vincentio
1237 2653 1379 2717 credatis·

429 2757 505 2819 Hoc
528 2777 602 2837 ergo
625 2753 725 2818 defuit
753 2751 957 2817 instructioni
983 2773 1075 2829 mem,
1097 2753 1187 2836 quod
1213 2754 1379 2837 plurimum
1406 2800 1409 2805 -

428 2859 629 2941 appetebam,
661 2868 693 2918 et
721 2854 809 2938 quod
838 2855 920 2917 scitu
950 2852 1174 2935 dignissimum
1206 2868 1266 2935 est,
1291 2878 1379 2921 nosse

428 2957 576 3020 videlicet
602 2955 740 3039 qualiter
765 2953 895 3034 negotia
916 2964 1019 3016 vestra
1045 2966 1235 3038 prosperata
1262 2958 1379 3020 sintin

427 3079 524 3121 manu
554 3055 701 3138 Magistri
731 3051 861 3116 Hervoei
889 3063 922 3115 et
960 3075 1055 3136 quam
1086 3076 1185 3138 opem
1218 3058 1379 3141 naufragio

425 3158 584 3222 Ecclesiae
593 3157 779 3237 Anglicanae
789 3154 882 3217 sedes
892 3155 1144 3239 apostolica‚pro
1154 3178 1221 3240 qna
1229 3162 1377 3243 patimur,

424 3257 599 3322 decreverit
626 3252 792 3339 impertiri,
816 3255 893 3319 inde
918 3256 1005 3318 enim
1033 3259 1198 3341 oportebit
1222 3264 1376 3326 cautelam

423 3356 551 3421 consilii
573 3358 752 3434 informare,
776 3369 811 3420 ut
835 3357 933 3442 juxta
954 3358 1140 3440 parabolam
1163 3363 1376 3444 evangelicam

422 3460 529 3522 turrim
547 3460 619 3540 quis
634 3459 850 3522 aedificaturus
864 3458 979 3521 sedens
994 3470 1143 3542 sumptus
1158 3475 1334 3547 computet,
1346 3474 1376 3525 et

421 3580 494 3622 curn
518 3578 591 3640 rege
614 3578 842 3638 congressurus
864 3557 974 3641 copias
997 3580 1072 3621 suas
1095 3560 1184 3624 domi
1208 3576 1376 3639 recenseat,

420 3683 461 3724 ne
476 3659 585 3741 magni
600 3657 779 3721 conaminis
794 3669 849 3721 aut
860 3658 1083 3722 ostentationis
1098 3660 1208 3727 subita
1219 3675 1252 3726 et
1266 3664 1373 3727 incon·

420 3763 559 3827 siderate
584 3759 792 3843 presumptio
814 3757 890 3820 risui
912 3770 967 3821 ant
993 3759 1093 3822 ruinas
1115 3764 1253 3845 turpiter
1279 3785 1374 3847 expo·

421 3873 524 3927 iratur.

462 3965 533 4025 Nec
549 3964 610 4025 hoc
627 3961 773 4039 dixerim,
791 3962 878 4045 quod
894 3962 1078 4025 Ecclesiam
1098 3958 1292 4044 Romanam,
1308 3965 1372 4049 spci

416 4071 533 4125 nostres
548 4060 792 4125 fundamentum
808 4063 940 4126 arbitrer
960 4064 1176 4141 statuendam,
1192 4066 1249 4130 sed
1272 4068 1371 4151 ipsum

414 4162 527 4236 solum,
543 4181 638 4242 super
655 4182 720 4243 quo
736 4173 770 4224 et
784 4163 839 4226 illa
855 4163 987 4226 fundata
1010 4178 1070 4240 est,
1087 4179 1120 4228 et
1142 4167 1175 4228 in
1200 4189 1266 4251 qno
1289 4189 1370 4251 quae·

412 4263 492 4325 libet
506 4281 603 4342 opem
623 4260 759 4324 fideliter
783 4263 922 4326 radicata
938 4264 1138 4327 convalescit
1161 4267 1204 4329 ad
1229 4269 1370 4340 fructum,

414 4376 445 4429 et
467 4372 704 4425 consummatur
729 4364 761 4426 in
790 4365 899 4443 gloria.
946 4364 1006 4425 llle
1034 4366 1121 4427 caim
1149 4369 1245 4431 nobis
1273 4370 1314 4432 sit
1337 4368 1366 4430 in
