3034 5500
281 750 345 809 830
537 759 673 806 scaurus
689 751 967 802 siessnnmnnsrs
1143 739 1187 820 [A.
1203 761 1231 805 n.

280 914 386 999 copia.
423 915 547 978 Cretera
562 911 722 976 Dominus
737 888 938 986 ministrabit,
949 910 1006 993 qui
1022 922 1187 994 sperantes
1200 913 1229 973 in

279 1039 315 1081 se
329 1037 394 1079 non
409 1013 536 1093 deserit,
547 1035 608 1078 nec
625 1011 747 1096 aliquid
762 1011 840 1074 boni
856 1020 996 1073 reservat
1012 1011 1230 1077 deserentibus

278 1116 386 1195 tidem,
401 1125 434 1180 et
447 1115 687 1179 simulatoribus
709 1112 798 1191 fidei,
814 1122 847 1176 et
866 1114 1153 1195 persequutoribus
1167 1115 1232 1178 the·

280 1221 420 1284 saurizat
434 1220 512 1283 iram
526 1218 561 1280 in
577 1217 662 1281 diem
678 1215 794 1279 suroris
809 1215 869 1277 sui.

338 1473 562 1539 EPISTOLA
583 1471 890 1537 CLXXXIX—an
904 1487 986 1533 uso.
1004 1487 1184 1535 ornianus

541 1592 703 1638 rucnnnn.
752 1572 797 1652 [n.
814 1592 845 1635 n.
864 1571 973 1651 lico]

521 1710 684 1791 Mopistro
701 1709 845 1772 Girorde
859 1706 1001 1770 Pucclte.

325 1832 469 1894 Pnnuanr
499 1827 668 1891 devotione
699 1837 731 1890 et
760 1823 938 1888 eruditione
968 1845 1072 1908 nuper
1100 1846 1121 1888 a
1149 1825 1235 1889 robis

283 1931 390 2014 recepi
419 1929 598 2013 epistolam,
624 1948 720 2011 quam
750 1948 814 2009 quo
843 1925 1030 2007 diligentius
1056 1927 1174 2008 relego,
1198 1948 1234 1990 eo

283 2031 448 2097 societatis
477 2040 589 2093 vestrae
618 2029 768 2092 solatium
800 2026 895 2089 nohis
934 2028 1135 2091 subtractum
1171 2049 1235 2091 esse

282 2133 430 2197 acerbius
451 2130 640 2212 ingemisco.
693 2130 865 2203 Caeterum,
889 2150 986 2212 quum
1010 2137 1080 2192 tota
1105 2130 1236 2213 epistole

283 2244 350 2297 tum
366 2233 416 2295 sui
431 2239 608 2303 venustate,
624 2240 690 2292 tum
707 2231 879 2294 affectione
894 2241 927 2294 et
940 2231 1118 2295 reverentia
1139 2232 1237 2295 nomi·

282 2335 333 2398 nis
363 2331 460 2395 vestri
492 2331 664 2415 plurimum
702 2342 872 2411 mereatur,
899 2331 980 2396 illud
1017 2354 1085 2417 prae
1115 2334 1237 2397 caeteris

281 2439 387 2522 placet
401 2434 488 2519 quod
502 2434 537 2496 in
549 2435 637 2498 calce
648 2434 822 2498 litterarum
835 2433 1021 2518 prudenter,
1033 2446 1077 2513 et,
1089 2447 1125 2499 ut
1137 2457 1237 2520 spero,

283 2535 436 2600 veraciter
464 2533 634 2609 intulistis;
672 2554 728 2596 vos
758 2533 890 2612 dixisse,
919 2533 1046 2613 fecisse,
1072 2536 1237 2620 scripsisse

284 2657 444 2725 perpenso
466 2645 578 2700 tenore
604 2636 780 2699 litterarum
805 2657 960 2715 mearum,
982 2636 1142 2723 quicquid
1164 2637 1236 2712 dici,

285 2741 393 2817 scribi,
424 2747 458 2806 et
486 2737 557 2803 fieri
584 2738 764 2823 oportebat.
817 2738 900 2801 Mihi
930 2748 1037 2802 autem
1066 2761 1238 2823 numquam

285 2842 468 2928 persuaderi
493 2841 599 2925 potuit
624 2840 710 2923 quod
736 2840 770 2902 in
796 2851 886 2903 tanto
915 2840 1027 2905 salutis
1056 2840 1238 2905 discrimine

285 2944 406 3031 aliquid
437 2964 481 3008 ex
506 2942 766 3025 contingentibus
795 2942 991 3019 omitteretis,
1017 2952 1051 3006 et
1080 2943 1236 3008 sordidam

285 3047 467 3111 divitiarum
483 3044 744 3109 evanescentium
759 3044 1039 3108 commutationem
1058 3065 1120 3128 pro
1135 3046 1238 3109 anima

283 3146 480 3231 recipiend0‚
497 3166 561 3208 non
573 3145 678 3215 ‚modo
700 3144 961 3228 philosophantis
983 3167 1104 3209 nomen
1118 3146 1238 3210 velletis

284 3250 436 3326 amittere,
460 3246 517 3310 sed
543 3245 645 3330 (quod
666 3248 763 3329 longe
785 3247 993 3330 perniciosius
1016 3250 1075 3328 est)
1103 3246 1237 3332 abjicere

284 3348 516 3412 conscientiam
540 3347 767 3412 Christianam.
812 3347 906 3410 Absit
928 3347 1002 3421 hoc,
1023 3349 1109 3411 absit
1131 3348 1237 3421 (dilec-

282 3448 417 3529 tissime)
433 3470 453 3510 a
467 3448 659 3511 discretione
676 3458 708 3511 et
722 3449 890 3512 honestate
906 3460 1019 3525 vestra,
1036 3459 1072 3511 ut
1088 3469 1147 3532 pro
1161 3459 1237 3512 tem·

281 3550 383 3633 porali
398 3550 614 3611 emolumento
635 3550 762 3631 ponatis
784 3570 858 3613 cum
880 3549 1100 3613 schismaticis
1121 3550 1237 3633 portio·

283 3672 368 3729 nem,
397 3660 430 3714 et
463 3648 637 3734 quicquam
674 3649 715 3712 de
752 3651 1002 3715 Hierichuntino
1037 3652 1237 3716 anathemate

283 3752 516 3837 imprudentius
542 3759 575 3813 et
601 3749 819 3832 impudentius
849 3752 988 3836 rapiatis,
1014 3751 1104 3836 quod
1131 3752 1239 3817 castris

282 3854 417 3916 Domini
435 3851 635 3915 exercituum
658 3852 692 3914 in
715 3854 838 3916 ruinam
853 3865 884 3917 et
907 3854 1084 3937 perniciem
1108 3874 1238 3917 conver·

283 3965 376 4018 tetur.
420 3956 465 4015 Et
486 3953 615 4036 quidem
631 3962 667 4017 ut
689 3956 857 4019 sententiae
873 3968 995 4034 vestra,
1010 3956 1110 4019 immo
1133 3956 1239 4019 catho-

280 4057 353 4120 licae
368 4054 514 4118 ecclesiae
530 4057 709 4120 auctoritati
725 4058 935 4136 consentiam,
950 4057 1027 4121 dum
1050 4079 1152 4140 grana
1166 4078 1237 4121 cum

282 4157 392 4241 paleis,
408 4166 441 4219 ct
455 4157 531 4220 honi
550 4158 644 4221 malis
665 4158 802 4221 admixti
825 4169 909 4237 sunt,
925 4160 1006 4223 etin
1021 4158 1239 4243 adimplendis

281 4258 440 4325 mandatis
456 4258 573 4341 Moysi,
585 4270 617 4322 et
627 4258 844 4342 promovenda
855 4259 1116 4343 praedestinantis
1131 4260 1237 4343 gratie

282 4361 492 4445 dispositione
508 4362 631 4426 laborat
645 4364 750 4439 Jesus,
765 4362 935 4427 anathema
957 4364 990 4425 in
1013 4362 1121 4426 medio
1138 4362 1238 4426 Israel
