3034 5500
269 751 328 809 lss
526 765 663 808 Jonurus
678 763 956 808 ssnssusnrsnsrs
1135 745 1177 824 [s.
1194 764 1221 807 u.

268 915 426 978 ecclesiam
455 915 494 977 de
524 914 722 977 Renteberia.
771 913 947 976 Transiens
974 927 1085 977 autem
1108 913 1149 976 ad
1175 914 1223 977 Li-

269 1017 414 1080 decumb.
428 1032 458 1080 et
474 1017 674 1094 Falesleiam‚
684 1039 703 1080 s
712 1015 898 1102 supradicto
911 1015 1095 1099 Baginaldo
1105 1016 1223 1080 minime

268 1117 424 1181 admissus
439 1133 496 1183 est.
534 1118 710 1204 Implorato
721 1132 828 1183 antem
839 1118 880 1181 sd
894 1119 958 1181 vim
976 1117 1222 1204 propulsandam

268 1219 415 1304 prresidio
441 1221 561 1304 judicis
586 1243 686 1306 quum
715 1221 746 1285 in
773 1221 1002 1305 possessionem
1031 1220 1223 1284 inducendus

268 1322 441 1401 videretur,
453 1323 664 1409 Baginaldus‚
677 1323 732 1410 qui
742 1324 810 1409 jam
827 1323 1057 1409 possessionem
1071 1324 1224 1403 induerat,

268 1424 308 1488 sd
329 1439 467 1490 nostram
491 1426 684 1490 audientiam
706 1425 889 1511 appellavit.
937 1425 1001 1489 Die
1021 1425 1125 1510 igitur
1143 1447 1220 1488 oom-

268 1527 384 1613 placitn
411 1529 631 1593 assistentibus
655 1528 802 1613 partibus
828 1540 936 1590 nostro
966 1527 1164 1612 conspectui,
1188 1530 1221 1592 P.

270 1632 419 1707 testibus,
439 1646 471 1696 et
492 1630 710 1695 instrumentis
730 1643 764 1694 et
787 1630 907 1693 chartis
931 1633 999 1692 Ssr.
1022 1629 1176 1715 episcopi,
1192 1642 1220 1692 et

270 1732 451 1797 monasterii
474 1731 763 1796 Ambresberiensis
785 1731 978 1797 sufficienter
999 1732 1158 1807 munitus,
1177 1753 1221 1794 eo·

269 1832 378 1898 clesias
393 1834 433 1897 de
449 1833 648 1897 Lidecumbs
661 1846 694 1897 et
711 1831 867 1896 Faleslsia
884 1855 958 1896 suas
972 1854 1052 1906 esse,
1068 1845 1102 1895 et
1123 1854 1155 1894 se
1173 1853 1222 1895 eas

269 1956 325 2019 per
349 1936 387 1999 Ο.
414 1935 586 2020 possedisse
609 1936 748 1999 dicebat.
794 1934 845 1999 Ad
872 1934 941 1998 haec
966 1932 1170 2019 Roginsldus
1190 1956 1221 2000 se

201 2024 216 2045 '
268 2059 321 2099 eas
336 2036 391 2099 diu
417 2052 567 2122 tunquam
592 2061 666 2101 suas
688 2037 797 2124 quiete
818 2036 994 2123 possedisse
1015 2035 1155 2112 dicebat,
1170 2036 1220 2100 sad

269 2135 372 2199 rninus
387 2137 576 2200 instructum
593 2139 727 2211 venisse,
743 2158 842 2224 quum
863 2137 1088 2202 instrumentis
1108 2150 1141 2200 et
1164 2151 1222 2202 tes·

268 2238 355 2301 tibus
378 2237 574 2302 abundaret:
606 2240 692 2303 unde
718 2241 745 2303 ei
773 2241 898 2305 circiter
922 2262 1061 2324 quorum
1088 2240 1220 2324 spatium

270 2342 434 2416 mensium,
467 2362 534 2427 quo
568 2364 695 2405 causam
731 2365 820 2407 suam
854 2363 1028 2426 procurare
1058 2340 1221 2419 sufficeret,

269 2439 420 2504 duximus
434 2440 679 2528 indulgendum.
727 2444 799 2520 Quo
818 2441 885 2505 fere
905 2441 1015 2528 elapso
1034 2442 1221 2528 soepedictus

270 2541 468 2627 Raginaldus
483 2543 574 2606 nobis
594 2544 745 2629 apparuit
768 2543 876 2607 dicens
899 2566 931 2605 se
950 2542 1070 2607 curiam
1088 2557 1219 2607 nostram

270 2642 385 2707 habere
401 2660 589 2730 suspectam,
606 2657 638 2708 et
654 2645 783 2708 testium
800 2658 832 2708 et
854 2646 1144 2709 instrumentorum
1164 2646 1219 2710 sibi

269 2747 311 2811 ob
333 2746 392 2811 lroc
417 2746 526 2813 deesse
552 2751 688 2835 copiam,
710 2747 799 2834 quod
825 2763 899 2812 ante
926 2746 1034 2811 dictus
1057 2746 1221 2834 Philippus

270 2849 463 2914 domesticus
492 2864 597 2915 noster
626 2865 657 2915 et
685 2863 841 2935 cognatus
869 2864 962 2927 esset,
988 2862 1020 2912 et
1051 2871 1126 2914 eum
1156 2849 1221 2913 ideo

270 2951 381 3017 multis
410 2976 476 3016 esse
506 2952 688 3016 terribilem.
735 2952 803 3014 Nos
832 2965 937 3015 autem
968 2950 1073 3035 parati
1099 2972 1220 3014 eramus

270 3055 457 3140 compellere
484 3070 590 3131 testes,
614 3060 641 3120 si
666 3077 747 3139 quos
773 3053 915 3131 haberet,
939 3065 976 3115 ut
998 3051 1114 3115 darent
1140 3052 1221 3116 testi·

267 3156 406 3219 monium
435 3157 572 3233 veritati,
594 3170 651 3221 aut
676 3178 802 3220 causam
834 3154 887 3217 alii
913 3154 1075 3239 episcopo,
1097 3152 1139 3217 de
1162 3175 1222 3240 quo

270 3258 370 3341 magis
384 3257 589 3339 confiderent,
603 3258 797 3344 delegarent,
807 3280 847 3320 ne
856 3254 917 3322 sibi
928 3269 1038 3320 nostra
1052 3257 1221 3321 auctoritas

270 3359 300 3421 in
320 3359 429 3443 aliquo
450 3360 560 3423 obesse
579 3360 761 3425 videretur:
785 3360 852 3446 ipse
867 3380 944 3422 vero
964 3358 1007 3422 ob
1028 3357 1090 3421 boc
1111 3357 1219 3422 nihilo

271 3461 383 3536 minus,
413 3458 454 3523 ad
490 3474 627 3525 vestram
662 3460 826 3548 appellans
861 3458 1071 3537 audientiam,
1107 3457 1219 3522 festum

269 3565 354 3626 beati
377 3562 515 3628 Andreae
534 3563 759 3627 examinationi
782 3586 886 3626 csusae
907 3560 1115 3646 praescripsit.
1159 3560 1221 3623 Nos

270 3668 379 3752 itaque
404 3680 509 3731 vestro
532 3689 591 3752 pro
619 3678 691 3730 voto
713 3679 746 3729 et
768 3664 877 3730 debito
898 3663 1081 3729 deferentes
1102 3662 1221 3737 honori,

271 3770 360 3833 vobis
375 3792 501 3832 causam
517 3767 775 3845 transmittimus,
791 3768 825 3833 id
841 3767 942 3831 solnm
959 3765 1173 3853 postulantes,
1188 3777 1221 3828 ut

270 3884 394 3934 servata
417 3874 584 3958 utriusque
602 3871 729 3958 justitia
750 3893 877 3936 causam
902 3870 945 3933 sic
968 3870 1011 3934 ab
1033 3868 1105 3933 aliis
1123 3865 1220 3932 decidi

266 3973 418 4057 jubeatis,
437 3988 471 4036 ut
486 3973 578 4038 nobis
593 3975 694 4037 omnis
709 3972 897 4059 suspicionis
912 3971 1046 4047 occasio,
1063 3985 1096 4036 et
1111 3969 1221 4036 laboris

269 4074 435 4139 necessitas
450 4076 668 4140 subtrahatur.
