3034 5500
293 755 495 835 1159—64.]
693 777 871 822 aersrona.
1199 768 1259 826 11⁷

326 976 560 1040 EPISTOLA
582 978 837 1043 LXXXV.-an
852 996 990 1042 rnrnmv
1006 998 1205 1045 carcanensi

685 1098 855 1144 naaman.

543 1213 686 1277 Doctrina
702 1216 842 1278 Oellerssi
858 1217 987 1280 Abbati.

331 1347 409 1412 Non
433 1361 482 1412 est
508 1370 627 1412 novum
651 1348 738 1434 quod
762 1348 839 1412 mihi
863 1362 967 1414 vestra
988 1349 1168 1436 benignitas
1194 1351 1249 1415 ali·

290 1460 471 1514 mentorum
503 1449 646 1513 subsidia
675 1451 869 1535 procuravit,
898 1473 972 1536 quae
1003 1450 1046 1514 sic
1079 1474 1180 1515 meam
1215 1454 1248 1516 in

289 1562 374 1613 terra
392 1549 498 1614 aliena
517 1564 740 1635 paupertatem
758 1553 897 1638 excepit,
920 1571 956 1616 ut
980 1575 1037 1615 uec
1059 1556 1157 1636 patris
1178 1576 1249 1616 mn-

290 1673 360 1728 nns,
388 1673 446 1714 nec
474 1662 637 1714 maternus
666 1650 742 1715 mihi
774 1652 881 1715 deesse
913 1652 1075 1717 videretur
1104 1653 1248 1719 affectus.

290 1753 450 1835 Magnum
473 1752 603 1837 quidem
626 1767 694 1816 erat
717 1752 761 1816 sic
784 1753 869 1816 exuli
893 1751 1072 1837 providere,
1097 1767 1131 1817 ut
1158 1754 1246 1838 apud

292 1867 420 1917 exteras
442 1857 585 1917 nationes
607 1853 724 1916 civium
748 1854 1025 1917 commoditatibus
1039 1854 1173 1932 fruerer,
1193 1855 1248 1918 sed

289 1953 394 2019 multo
423 1955 525 2039 majus
554 1967 602 2018 est
628 1954 716 2040 quod
744 1954 822 2017 mihi
849 1954 1014 2040 diligentia
1041 1969 1145 2019 vestra
1174 1978 1247 2039 pro·

288 2053 405 2139 spexit,
421 2076 461 2117 ne
475 2077 494 2117 a
510 2052 624 2118 natalis
639 2053 696 2116 soli
715 2053 894 2131 dulcedine,
910 2077 976 2140 qua
998 2056 1097 2120 totius
1115 2056 1245 2120 humani

286 2154 409 2238 generis
425 2155 614 2220 universitas
628 2155 766 2239 capitur,
782 2169 938 2241 perpetuo
952 2157 1129 2222 exularem.
1168 2159 1244 2221 Ves-

287 2267 371 2321 trum
391 2279 531 2344 namque
551 2279 668 2320 munus
690 2269 748 2332 est,
766 2256 853 2342 quod
874 2280 1020 2322 reversus
1038 2281 1109 2322 sum
1129 2258 1160 2323 in
1182 2272 1244 2323 ter-

285 2379 351 2421 ram
367 2357 545 2422 nativitatis
566 2381 659 2421 meae:
685 2373 823 2422 vestrum
846 2381 963 2423 munus
983 2360 1135 2445 estquod
1158 2360 1243 2445 prin-

284 2460 394 2543 cipum
406 2460 545 2525 virorum
557 2473 720 2525 assecutus
732 2480 800 2523 sum
814 2460 971 2537 notitiam,
983 2461 1242 2538 familiaritatem,

283 2562 486 2647 gratiamque
521 2562 713 2626 multorum:
748 2575 892 2626 vestrum
927 2584 1044 2625 munus
1073 2577 1121 2626 est
1151 2564 1240 2648 quod

284 2657 396 2723 florere
422 2660 454 2723 in
481 2661 585 2746 patria
608 2662 727 2736 videor,
750 2674 783 2725 et
809 2675 937 2725 auctore
965 2660 1104 2724 Domino
1129 2661 1241 2726 multis

284 2764 428 2847 praeferri
443 2764 639 2842 concivibus,
654 2777 686 2827 et
702 2764 869 2828 coaetaneis
883 2763 970 2827 meis.
1018 2763 1079 2826 Sed
1096 2764 1175 2848 quid
1191 2777 1239 2828 est

283 2864 371 2950 quod
387 2863 585 2929 liberalitatis
599 2878 631 2929 et
646 2863 871 2929 munificentiae
888 2877 1001 2927 vestrae
1017 2861 1128 2926 titulos
1143 2886 1240 2926 mem-

282 2966 399 3030 bratim
411 2990 562 3054 exequor,
575 2989 675 3054 quum
692 2967 818 3031 illorum
831 2986 983 3027 numerus
998 2976 1030 3027 et
1045 2963 1240 3030 immensitas

281 3068 326 3132 sic
357 3081 461 3133 totum
488 3070 629 3133 animum
655 3069 819 3153 impleant,
846 3082 881 3131 ut
908 3065 1049 3144 effluant,
1077 3078 1108 3130 et
1139 3066 1238 3131 totius

280 3172 398 3234 mentis
430 3171 636 3257 capacitatem
670 3172 886 3256 exsuperent?
923 3169 1003 3232 adeo
1032 3168 1172 3254 quidem,
1199 3184 1236 3235 ut

280 3270 331 3333 vel
358 3271 413 3336 illa
443 3273 519 3350 sola,
544 3295 618 3358 qum
651 3294 714 3335 non
744 3270 865 3335 sufficio
897 3269 1067 3347 recordari,
1095 3269 1233 3337 debeant

279 3372 433 3436 meruisse
447 3373 601 3460 quicquid
619 3395 689 3437 sum
705 3386 737 3437 et
757 3394 895 3458 possum.
941 3371 1112 3456 Obligatus
1127 3373 1234 3459 itaque

279 3492 361 3548 sum,
392 3485 430 3537 ut
459 3473 548 3537 nulla
583 3477 761 3559 gratiarum
791 3474 914 3537 actione
944 3473 1064 3536 valeam
1094 3474 1233 3553 liberari,

278 3589 378 3656 quum
395 3572 509 3637 merita
524 3587 630 3639 vestra
651 3596 761 3637 omnes
780 3586 911 3638 conatus
932 3597 1017 3637 meos
1031 3575 1233 3654 absorbeant,

277 3674 454 3757 prasertim
486 3698 587 3761 quum
618 3675 748 3742 devotio
776 3686 879 3740 vestra
909 3698 959 3739 me
985 3676 1045 3740 sibi
1074 3678 1233 3743 continuis

275 3774 398 3861 obliget
413 3776 581 3841 beneficiis.
628 3781 710 3841 Nam
727 3777 852 3841 etmihi
875 3799 987 3864 panem
1010 3778 1235 3863 quotidianum

275 3890 425 3961 procurat
447 3889 551 3941 vestra
573 3878 728 3964 dignatio,
751 3892 784 3943 et
807 3901 881 3965 quae
903 3900 1075 3964 pauperem
1102 3902 1230 3964 pascere

277 3991 485 4043 consueverat
507 3980 735 4065 temporalibus
750 3979 918 4054 alimentis,
937 4000 1021 4043 nunc
1036 3980 1113 4043 alias
1133 3982 1234 4045 abun-

276 4077 419 4158 dantem,
447 4092 575 4145 oeternae
606 4080 681 4144 vitae
707 4079 942 4167 quodammodo
972 4079 1093 4145 deliciis
1122 4082 1233 4146 reficis.

277 4180 427 4247 Profecto
456 4182 648 4268 cuicumque
677 4181 768 4246 cibus
797 4182 848 4246 hic
879 4205 941 4245 non
965 4180 1130 4258 dulcescit,
1153 4183 1233 4245 infa-

277 4294 387 4349 tuatus
413 4297 462 4348 est
488 4284 648 4370 insipienti
673 4284 828 4369 languore
854 4284 964 4369 palati,
987 4297 1018 4347 et
1042 4282 1236 4365 nescioquo

278 4405 355 4467 pane
370 4398 445 4470 eget
