3034 5500
284 755 348 813 280
521 764 657 808 roasurs
673 761 954 808 uusssunrsusrs
1148 745 1192 824 [s
1207 762 1235 806 o.

286 921 364 1003 ejus,
379 919 433 1001 qui
449 918 479 979 ci
494 917 651 979 successit
663 916 698 978 in
712 936 859 994 regnum,
874 913 1014 979 totidem
1031 914 1128 979 misit
1169 915 1236 976 Rex

285 1021 478 1083 Francorum
502 1018 726 1081 Cantauriensi
750 1017 1001 1102 archiepiscopo
1028 1018 1236 1101 patrocinatur

286 1122 318 1182 iu
341 1120 501 1196 omuibus,
517 1132 550 1181 et
570 1140 643 1180 eum
667 1119 768 1201 magis
789 1130 959 1182 veneratur
982 1140 1084 1204 qusm
1110 1117 1236 1194 bourn,

286 1244 357 1306 quae
377 1235 481 1284 autem
504 1222 590 1284 circa
614 1221 789 1301 Anglorum
815 1221 939 1283 curiam
965 1220 1171 1294 innovantur,
1185 1216 1235 1281 uhi

285 1346 386 1387 rerum
414 1326 534 1387 crebrae
565 1323 757 1385 mutationes
782 1334 869 1399 sunt,
892 1322 987 1385 vobis
1016 1322 1145 1385 notiora
1171 1340 1235 1384 mss

285 1426 418 1488 arbitror
439 1446 535 1509 quam
557 1425 660 1488 nobis.
706 1424 867 1505 Vigeatet
886 1436 1098 1508 prosperetur
1118 1423 1151 1486 iu
1175 1422 1236 1485 Do·

286 1528 374 1590 mino
389 1527 562 1610 paternitas
576 1537 688 1603 vestra,
702 1536 736 1587 et
754 1546 815 1588 uos
835 1537 1023 1589 sauctorum
1044 1525 1236 1589 orationibus

287 1628 415 1692 student
443 1626 678 1702 commendare,
703 1637 753 1717 ut¹
767 1645 827 1688 uos
855 1625 1067 1689 consolentur
1095 1625 1129 1688 iu
1156 1624 1236 1686 omui

285 1730 489 1794 tribulatione
519 1739 635 1791 nostra.
695 1727 905 1789 Revertamur
942 1737 1051 1789 autem
1084 1725 1235 1810 quumei

287 1832 453 1917 placuerit,
475 1832 530 1916 qui
555 1852 614 1893 nos
631 1828 810 1910 segregavit
829 1827 872 1892 ad
892 1828 1110 1905 exulandum,
1131 1842 1164 1893 et
1183 1849 1236 1913 pro

287 1956 362 2017 que,
399 1947 555 2017 quatenns
592 1931 622 1994 ei
658 1928 896 2012 beneplacitum
934 1929 1043 2006 drerit,
1080 1928 1235 1992 voluntste

284 2035 521 2118 promptissima
546 2031 747 2096 decrevimus
775 2031 918 2108 exulare,
947 2041 982 2094 st
1011 2030 1148 2095 sdverss
1173 2031 1234 2115 peti

284 2155 355 2215 quae
365 2134 508 2217 jusserit,
522 2146 554 2195 et
573 2132 616 2195 ad
636 2131 708 2195 haec
728 2130 917 2215 perferenda
938 2133 1139 2196 roboraverit
1151 2130 1232 2194 iufir-

284 2234 424 2296 mitatem
446 2244 597 2295 nostram.
642 2231 709 2296 Det
729 2234 851 2297 utinam
872 2253 931 2296 sua
950 2233 1054 2314 gratia
1076 2232 1232 2316 patieutis

283 2333 557 2417 perseverantiam,
572 2333 627 2416 qui
650 2331 794 2414 indignis
812 2354 872 2417 pro
887 2355 921 2397 se
936 2333 1085 2416 patiendi
1105 2333 1234 2397 contulit

285 2431 501 2498 voluntatem!

327 2538 442 2600 Valeat
455 2557 513 2620 pro
529 2548 602 2600 voto
617 2549 650 2599 et
663 2537 806 2601 oratione
822 2557 905 2613 mes,
916 2537 1067 2615 ecclesia,
1079 2548 1113 2600 et
1127 2536 1233 2601 domus

284 2651 387 2702 restra
411 2649 488 2715 tota,
513 2651 546 2702 et
568 2660 679 2702 omues
703 2640 758 2723 qui
781 2639 1051 2703 intercessionum
1083 2639 1233 2703 beneficio

283 2741 522 2806 communicant
536 2742 718 2805 necessitati
734 2753 860 2805 nostre.

305 3020 523 3085 EPISTOLA
550 3020 788 3084 CXLV1.-sn
801 3038 957 3085 rosunum
974 3038 1219 3085 urcravrsusror

540 3138 739 3185 sersoouuu.
766 3120 846 3201 [an.
865 3121 975 3201 llos]

581 3256 721 3318 Domino
735 3254 931 3318 Pictam

323 3365 430 3427 chsr
445 3365 534 3447 apud
557 3387 617 3428 uos
639 3367 765 3429 fortune
786 3386 940 3429 novorum
961 3388 1089 3449 parens,
1104 3381 1139 3431 et
1154 3369 1230 3431 sams

282 3466 390 3529 natrix
404 3477 437 3529 et
457 3468 664 3550 propagatrix
686 3479 855 3530 eventuum
871 3488 1015 3530 verorum
1030 3482 1065 3532 et
1078 3470 1231 3545 firtonum,

281 3568 359 3630 nihil
376 3569 597 3634 renovaverint
611 3570 710 3632 relatu
725 3567 870 3651 dignum,
885 3580 918 3632 et
930 3568 1022 3654 quod
1036 3571 1129 3635 robis
1142 3592 1231 3657 opor·

281 3671 376 3735 tuerit
396 3670 550 3747 intimari,
572 3670 735 3734 scribendi
756 3683 862 3734 tamen
884 3673 1108 3736 necessitatem
1130 3693 1233 3737 rumor

281 3772 379 3835 tristis
393 3772 527 3848 invexit,
543 3783 575 3835 et
591 3793 656 3855 quo
671 3783 745 3853 post
760 3772 937 3837 discessum
954 3775 1044 3850 boni,
1058 3785 1093 3838 et
1112 3778 1230 3839 utinam

282 3893 408 3956 semper
444 3873 530 3936 beati
563 3871 686 3935 domini
715 3872 825 3949 nostri,
861 3872 943 3936 nibil
971 3874 1118 3952 omnino,
1148 3872 1231 3959 quod

280 3976 385 4037 verbis
413 3974 494 4038 meis
531 3974 693 4037 Dominus
728 3985 761 4036 et
796 3974 997 4038 conscientis
1032 3986 1230 4049 attestantur,

280 4074 399 4139 tristius
423 4074 530 4138 audivi
557 4076 606 4138 vel
628 4073 703 4151 vidi,
728 4073 875 4158 quamvis
895 4094 963 4137 sors
988 4095 1061 4138 mes
1079 4076 1229 4159 periculis

279 4173 405 4237 cunctis
414 4174 561 4257 exposita
571 4174 614 4237 sit
624 4183 658 4236 et
666 4173 790 4258 jactata
800 4173 951 4259 procellis
962 4173 1230 4251 indesinentibus,

278 4276 320 4339 ab
335 4296 374 4337 ea
394 4273 459 4349 die,
478 4295 543 4356 qua
563 4285 687 4357 patrem
704 4273 800 4336 nobis
821 4284 854 4336 et
874 4272 1040 4337 dominum
1062 4273 1229 4356 dispositio

277 4376 388 4440 divina
402 4374 569 4438 subtraxit.
618 4374 783 4458 Siquidem
804 4375 885 4439 socii
901 4375 1012 4452 nostri,
1028 4376 1086 4458 qui
1102 4376 1231 4439 Parisiis
