3034 5500
287 765 397 845 lma]
680 783 859 828 uersroaa.
1182 775 1242 833 199

282 948 313 1000 et
337 935 512 1021 porrigunt
538 933 676 1010 calicem,
703 948 735 998 et
762 935 885 998 utinam
909 934 1037 1001 calicem
1067 937 1238 1004 Salutaris!

282 1036 450 1102 Gustastis
471 1035 613 1121 inquam,
629 1047 661 1099 et
684 1035 805 1100 utinam
828 1036 943 1100 amodo
966 1037 1186 1115 subtrahatur,
1203 1052 1240 1105 ut

280 1160 341 1223 pro
364 1150 441 1201 voto
463 1148 569 1201 vestro
595 1137 734 1201 Domino
758 1135 885 1221 possitis
903 1137 1090 1202 familiarius
1111 1154 1143 1204 et
1166 1141 1239 1226 qui·

280 1240 368 1305 etius
386 1239 560 1303 inhaerere:
586 1238 611 1302 si
632 1252 738 1303 tamen
759 1238 803 1301 sic
821 1238 910 1301 vobis
930 1240 1073 1325 expedit,
1088 1256 1121 1306 et
1141 1242 1239 1306 eccle-

282 1342 337 1406 siae
363 1340 505 1406 Domini.
550 1344 632 1406 Haec
657 1353 777 1416 autem,
804 1352 916 1425 utpote
944 1342 1086 1406 conscius
1114 1344 1237 1408 viarum

280 1453 474 1518 vestrarum,
492 1440 568 1526 quia
582 1439 761 1504 coaluimus
781 1440 823 1504 ab
843 1441 987 1525 antiquo,
1013 1447 1149 1521 retexui,
1166 1468 1238 1529 pro-

281 1543 418 1608 motioni
432 1555 547 1607 vestra
570 1541 786 1626 congaudens,
801 1554 833 1605 et
852 1543 972 1627 gratias
990 1564 1088 1628 agens
1103 1559 1239 1629 quantas

282 1667 414 1732 possum
441 1647 512 1709 Deo
541 1643 749 1729 promotionis
773 1642 906 1720 auctori,
933 1642 1006 1709 licet
1036 1667 1117 1723 meo,
1140 1647 1239 1710 immo

281 1748 384 1813 totius
406 1746 545 1812 ecclesiae
566 1759 679 1810 vestrae
701 1745 879 1810 infortunio
902 1761 933 1810 et
955 1745 1152 1831 irreparabili
1170 1747 1238 1831 jac·

280 1864 367 1915 turae
389 1849 573 1935 compatiar.
619 1848 725 1913 Didici
752 1847 836 1912 enim
859 1849 946 1933 apud
973 1849 1139 1926 Etbicum,
1162 1850 1240 1935 quia

281 1951 350 2017 suis
374 1951 581 2015 incommodis
609 1949 750 2035 graviter
777 1950 864 2034 angi,
894 1972 956 2014 non
987 1952 1089 2031 amici,
1119 1952 1172 2017 sed
1206 1976 1238 2016 se

280 2054 421 2119 amantis
435 2066 492 2117 est.
540 2052 601 2115 Sed
618 2051 697 2137 quid
713 2051 808 2114 faciet
829 2051 881 2114 illa
898 2051 1059 2136 quondam
1077 2052 1191 2118 nobilis
1205 2068 1238 2118 et

280 2155 422 2241 gloriosa
433 2176 500 2239 prae
514 2155 648 2231 caeteris,
659 2173 743 2215 nuno
758 2164 878 2230 autem,
892 2153 978 2239 quod
995 2154 1062 2217 sinc
1078 2154 1237 2220 lachrimis

281 2279 408 2342 nequeo
423 2255 537 2326 dicere,
555 2252 627 2316 vilis
645 2266 676 2317 et
698 2253 822 2338 abjecta
837 2253 920 2318 iuter
942 2255 1023 2319 filias
1045 2257 1237 2337 Jerusalem,

281 2357 414 2422 ecclesia
431 2354 677 2419 Saresberiensis
693 2366 783 2418 tanto
804 2369 894 2440 patre
909 2357 1044 2421 orbata?
1066 2359 1140 2443 quis
1154 2360 1235 2445 epis-

280 2480 363 2544 copo
389 2455 591 2540 naufraganti
616 2453 759 2540 porrigat
790 2456 980 2520 dexteram?
1013 2461 1086 2543 quis
1114 2463 1235 2524 clerum

280 2558 521 2626 consolabitur?
560 2557 642 2620 Nam
669 2556 741 2619 bino
768 2557 845 2620 mibi
872 2558 984 2621 audire
1008 2559 1117 2623 videor
1144 2583 1236 2625 voces

280 2661 431 2748 ejulantis
453 2660 528 2724 cleri
552 2671 583 2723 ct
610 2658 720 2744 populi
745 2680 810 2721 una
832 2681 907 2721 voce
929 2659 1144 2738 clamantium,
1168 2663 1236 2725 Cur

278 2788 339 2831 noa
356 2772 453 2849 pater
478 2766 605 2837 deseris,
630 2768 690 2825 aar
712 2766 768 2824 cui
791 2783 850 2824 noa
875 2763 1028 2825 desolatos
1051 2766 1235 2844 relinquis?

279 2868 406 2954 Utique
415 2867 499 2930 iuter
514 2889 567 2929 eos
582 2887 663 2948 quos
678 2862 868 2947 rumigeruli
883 2862 1119 2927 substituerunt
1134 2863 1235 2946 vobis,

280 2972 335 3035 vix
351 2970 524 3056 quisquam
535 2968 674 3031 occurrit
690 2966 782 3029 vobis
797 2964 914 3050 dignus
926 2965 1034 3029 sedere
1050 2966 1082 3028 in
1099 2966 1235 3032 scabello

278 3073 398 3161 pedum
415 3084 609 3135 vestrorum:
627 3082 659 3134 et
671 3068 817 3155 profecto
833 3068 951 3147 nullus,
965 3069 1089 3133 etiamsi
1104 3068 1235 3135 libertas

279 3175 417 3250 adesset,
440 3194 524 3237 nunc
546 3171 624 3234 mibi
647 3183 780 3256 apparet
808 3170 943 3235 idoneus
965 3172 1066 3258 magis
1088 3194 1185 3258 quam
1208 3172 1235 3237 si

278 3277 343 3342 sole
355 3274 483 3340 sublato
494 3273 534 3337 de
547 3274 668 3338 mundo
683 3286 848 3359 quaeratur
859 3274 943 3338 inter
954 3297 1039 3339 nunc
1050 3274 1233 3356 existentes,

279 3378 354 3466 quis
369 3377 498 3463 impleat
515 3376 598 3439 vices
620 3376 699 3462 ejus.
745 3376 904 3461 Dominus
925 3389 1030 3441 tamen
1053 3390 1168 3463 potens
1184 3391 1233 3443 est

277 3481 317 3546 de
339 3478 501 3565 lapidibus
516 3481 669 3542 suscitare
683 3477 766 3540 filios
782 3477 936 3543 Abrahae.

322 3581 387 3647 Sed
405 3583 472 3667 jam
500 3602 519 3642 a
543 3580 632 3643 luctu
660 3577 791 3665 publico
816 3579 858 3643 ad
882 3603 1009 3645 causam
1037 3582 1132 3645 rcdeo
1159 3604 1231 3667 pro·

279 3686 395 3772 priam,
419 3683 488 3768 qui,
518 3681 550 3744 in
580 3704 645 3766 quo
669 3679 791 3743 calculo
817 3697 960 3747 versetur
985 3683 1125 3748 conditio
1150 3706 1232 3759 mea,

276 3796 448 3871 postquam
465 3782 505 3845 ab
522 3780 642 3865 Anglia
657 3780 838 3857 recessistis,
851 3804 978 3867 prorsus
993 3785 1115 3868 ignoro.
1148 3789 1232 3848 Nam

276 3887 403 3951 interim
421 3906 493 3969 spes
514 3895 583 3947 erat
604 3882 731 3959 certior,
747 3895 784 3945 ut
801 3896 874 3946 ante
890 3907 975 3970 saepc
991 3886 1111 3971 scripsi.
1158 3887 1232 3950 Non

277 3987 416 4052 diffiteor
438 3984 516 4070 quin
539 3983 678 4048 ecclesiae
701 3997 732 4047 et
755 3983 992 4071 archiepiscopo
1008 3987 1232 4052 Cantuariensi

277 4091 418 4155 debitam
442 4088 537 4151 fidem
565 4089 768 4160 servaverim,
792 4086 847 4150 sed
873 4109 913 4149 cx
940 4088 1131 4152 conscientia
1157 4111 1232 4153 con·

277 4208 326 4256 tra
352 4192 508 4257 bonorem
536 4190 603 4273 regi
633 4188 791 4262 debitum,
819 4203 876 4252 aut
904 4189 1087 4265 utilitatem,
1119 4213 1169 4253 me
1198 4191 1231 4253 in

277 4295 365 4360 nullo
390 4306 550 4356 versatum
574 4314 643 4354 csse
666 4303 840 4354 monstrare
863 4306 992 4376 paratus
1018 4313 1100 4364 sum,
1125 4305 1181 4353 aut
1205 4291 1232 4351 si
1330 4369 1332 4373 Ι

276 4395 394 4461 alicubi
419 4393 551 4479 deliqui,
570 4393 650 4457 sicut
675 4396 740 4476 regi
764 4404 794 4455 et
819 4393 947 4455 domino
970 4390 1126 4474 condigne
1143 4390 1232 4454 satis-
