3034 5500
284 761 483 842 trra-451]
669 778 851 826 rrrsroun.
1176 770 1235 830 10⁷

280 929 302 994 si
318 927 484 1014 repulsam
511 928 663 1015 patiatur,
679 929 720 993 de
742 952 876 1015 persona
898 931 1029 997 honesta
1044 944 1076 996 et
1099 931 1238 1013 literato,

278 1052 376 1116 qrrum
390 1030 575 1096 Robertum
590 1029 690 1094 filium
706 1031 865 1117 Hardingi
878 1031 918 1096 de
930 1055 1063 1118 persona
1073 1031 1237 1114 illiterata,

280 1146 311 1197 et
325 1131 434 1196 inutili
451 1132 576 1219 pridem
592 1133 740 1213 audierit,
756 1135 816 1198 nisi
841 1156 899 1221 per
923 1137 1091 1200 canonicos
1114 1137 1238 1201 Exoni·

279 1257 379 1315 enses,
392 1247 425 1298 et
440 1233 521 1298 alios
536 1234 683 1299 timentes
697 1235 884 1314 Dominum,
895 1259 1063 1301 consensus
1073 1235 1127 1301 ille
1138 1238 1235 1303 fuerit

277 1333 464 1420 impeditus.
512 1332 645 1420 Scripsit
672 1334 753 1397 enirn
782 1357 878 1420 super
907 1336 966 1399 boc
991 1336 1140 1402 dominus
1165 1361 1234 1417 rex,

278 1433 450 1520 ipsumque
473 1433 744 1521 archiepiscopum
769 1436 801 1499 in
818 1435 899 1500 lecto
921 1436 1084 1521 languoris
1106 1438 1236 1503 decum-

278 1535 418 1616 bentem,
433 1533 566 1621 quidam
582 1535 750 1601 sollicitare
773 1537 843 1602 ausi
865 1549 950 1618 sunt,
965 1537 1101 1622 ideoque
1123 1540 1235 1606 donari

278 1640 339 1704 sibi
365 1639 459 1724 petit,
484 1636 572 1723 quod
599 1639 747 1702 canonice
773 1638 842 1702 lieri
866 1651 984 1725 potest,
1009 1640 1097 1726 quod
1124 1660 1235 1706 contra

278 1762 416 1804 canones
436 1741 611 1826 pecunioso
633 1737 755 1823 pridem
774 1738 935 1803 indultum
959 1750 1017 1803 est.
1063 1741 1164 1806 Fama
1185 1756 1233 1805 est

280 1841 370 1926 apud
393 1863 451 1904 noa
472 1840 561 1926 quod
586 1839 683 1903 trium
710 1842 891 1904 vacantium
918 1840 1160 1928 episcopatuum
1185 1866 1233 1907 re·

279 1942 372 2008 ditus
386 1942 427 2007 ad
442 1943 656 2007 liberationem
670 1956 806 2006 vestram
821 1940 911 2005 vobis
926 1941 1075 2006 dominus
1090 1966 1146 2008 rex
1160 1966 1234 2008 con-

277 2043 419 2123 cesserit,
433 2042 487 2108 sed
510 2065 574 2106 non
589 2041 662 2106 ideo
685 2041 791 2106 minua
815 2042 855 2105 de
879 2041 1055 2128 patrocinio
1072 2057 1176 2108 restro
1198 2044 1232 2109 in

276 2167 373 2231 opere
387 2144 449 2210 isto
463 2143 604 2208 confidit.
652 2143 761 2208 Multa
781 2142 909 2228 quidem
927 2156 1002 2207 sunt
1025 2145 1148 2229 quaein
1173 2145 1233 2209 hac

276 2261 367 2332 parte
389 2247 537 2331 poteritis
560 2245 707 2330 allegare,
724 2268 781 2310 nec
804 2245 920 2310 dubito
945 2244 986 2308 de
1009 2250 1138 2323 affectu,
1154 2247 1179 2311 ai
1203 2251 1234 2312 ei

276 2369 404 2433 operam
420 2347 497 2411 dare
516 2346 681 2434 placuerit.
726 2350 813 2412 Nota
828 2360 876 2412 est
891 2346 1051 2412 industria
1066 2361 1181 2426 vestra,
1197 2362 1230 2414 et

277 2449 356 2535 quid
374 2449 498 2513 Linool.
516 2449 594 2534 quid
621 2449 756 2514 Eborac.
773 2463 805 2513 et
821 2449 853 2511 in
876 2448 944 2512 aliis
968 2448 1078 2514 multis
1092 2451 1231 2534 egeritis,

276 2551 433 2615 neminem
463 2569 609 2615 nostrum
638 2552 724 2616 latet.
770 2551 933 2616 Dimittite
962 2552 1098 2616 animam
1129 2558 1232 2640 patris

277 2653 384 2732 vestri,
398 2669 530 2738 accepto
545 2652 697 2717 beneficio
717 2653 891 2739 petitionis,
908 2652 1051 2731 hilarem,
1067 2667 1099 2718 et
1120 2677 1229 2736 preces

277 2753 363 2818 illius
376 2753 500 2819 faciatis
511 2755 627 2831 audiri,
640 2754 707 2839 qui,
719 2754 801 2819 sicut
817 2754 884 2839 ipse
900 2753 1013 2818 litteris
1025 2755 1091 2818 suis
1101 2753 1231 2818 domino

278 2855 345 2940 regi
360 2855 480 2935 scribit,
495 2856 576 2921 nihil
594 2855 728 2920 ulterius
748 2853 908 2939 petiturus
922 2867 989 2916 est:
1015 2853 1112 2917 verba
1126 2875 1184 2917 sua
1198 2856 1232 2918 in

276 2977 331 3019 ore
345 2954 454 3019 nuncii
464 2959 585 3042 posuit,
597 2956 691 3041 eique
706 2953 840 3018 deditio
853 2953 1022 3029 mandatis,
1036 2965 1072 3015 ut
1087 2953 1119 3016 in
1131 2954 1231 3017 omni-

277 3058 338 3123 bus
361 3057 394 3122 id
421 3059 574 3144 loquatur
598 3072 630 3123 et
655 3057 762 3137 faciat,
784 3056 872 3142 quod
899 3057 929 3121 ei
954 3054 1227 3141 praedictaveritis.

279 3158 439 3227 Noveritis
453 3174 573 3239 autem,
588 3160 665 3246 quia
689 3163 714 3223 si
736 3158 924 3223 distuleritis
940 3156 1097 3243 usquead
1113 3157 1230 3222 adven·

278 3276 345 3327 tum
362 3263 483 3327 domini
500 3263 592 3348 regis,
609 3262 770 3348 petitionis
784 3261 944 3338 effectum,
959 3284 997 3324 eo
1011 3261 1081 3347 ipso
1099 3261 1229 3346 putabit

278 3364 363 3451 quod
380 3365 411 3429 in
433 3379 567 3429 mortem
587 3366 657 3452 ejus
671 3364 783 3428 dilatio
804 3377 979 3448 quaeratur.
1011 3365 1062 3427 De
1077 3363 1126 3427 his
1140 3365 1229 3443 satis,

277 3467 451 3552 praesertim
468 3466 612 3551 sapienti.
641 3467 691 3529 De
706 3478 822 3528 caetero
838 3463 914 3528 mihi
931 3478 961 3528 et
979 3465 1131 3549 magistro
1148 3466 1231 3529 Wil-

276 3566 369 3634 lelmo
392 3566 434 3631 de
458 3566 555 3630 Slidis
578 3566 692 3629 clerico
714 3580 829 3642 vestro,
845 3565 885 3629 de
907 3566 1087 3630 exhibenda
1104 3567 1232 3651 justitia

277 3668 339 3733 duo
367 3668 478 3733 brevia
504 3667 625 3732 domini
652 3667 736 3752 regis
762 3666 945 3742 necessaria,
971 3667 1069 3752 juxta
1094 3667 1230 3734 formam

276 3772 469 3860 petitionum
492 3793 574 3857 quas
594 3769 686 3834 vobis
710 3771 900 3834 transmitto.
945 3769 1067 3847 Valete,
1087 3784 1117 3834 et
1143 3772 1232 3858 quod

275 3873 443 3959 placuerit,
455 3873 667 3938 transcribite.
708 3876 779 3936 Hoc
794 3885 902 3936 autem
918 3871 1035 3947 sciatis,
1047 3872 1125 3958 quia
1140 3873 1231 3937 vobis

276 3975 377 4042 modis
391 3974 544 4039 omnibus
559 3973 700 4059 expedit,
712 3985 749 4036 ut
765 3985 839 4035 ante
855 3972 977 4035 exitum
994 3970 1114 4035 domini
1130 3974 1230 4038 nostri

275 4075 421 4157 redeatis,
433 4089 465 4140 et
482 4077 508 4139 si
527 4096 583 4138 vos
598 4073 805 4139 incontinenti
820 4074 996 4158 oportuerit
1013 4072 1228 4138 transfretare.

276 4178 383 4245 Valete
399 4179 519 4243 iterum
534 4190 567 4242 ct
591 4198 722 4261 semper.
770 4174 867 4239 Novit
887 4173 1044 4238 Dominus
1065 4172 1142 4257 quia
1164 4173 1229 4252 ille,

275 4305 329 4365 pro
358 4306 429 4368 quo
459 4279 609 4343 dominus
646 4278 903 4362 archiepiscopus
936 4275 1097 4351 sollicitat,
1127 4279 1227 4339 totins

275 4382 368 4471 hujus
387 4382 481 4447 verbi
497 4385 627 4465 ignarus
642 4394 697 4443 est.
