3034 5500
181 777 294 852 lton]
570 789 749 835 errorores.
795 831 797 835 ,
1074 781 1139 841 299

178 967 253 1011 nem
269 943 475 1030 perfectionis
490 943 658 1021 habentes,
668 943 759 1006 aliter
770 943 945 1026 imperfecti
962 944 1136 1025 declinant,

176 1049 272 1112 aliter
287 1047 343 1130 qui
357 1045 550 1109 necessitate
572 1057 732 1127 urgentur,
746 1045 839 1108 aliter
853 1045 1005 1131 expediti.
1050 1046 1134 1111 Nam

177 1149 341 1234 perfectus
353 1147 433 1209 nulli
448 1168 598 1229 umquam
614 1147 893 1210 excommunicato
909 1149 1136 1224 communicat,

177 1271 239 1315 nec
255 1249 286 1314 ei
301 1249 335 1312 in
353 1248 440 1310 verbi
456 1247 658 1326 commercio,
673 1248 751 1331 quin
766 1248 796 1310 oi
811 1248 978 1312 denuntiet
995 1251 1136 1334 culpam,

179 1371 280 1436 quare
302 1350 409 1433 ipsum
424 1359 571 1432 oporteat
584 1349 712 1412 evitari:
744 1361 864 1433 quanto
885 1352 986 1429 magis
1004 1373 1079 1433 ergo
1101 1352 1135 1414 in

178 1473 292 1515 mensa
303 1452 354 1513 vel
369 1450 403 1512 in
420 1450 569 1527 ecclesia,
583 1460 616 1511 et
631 1447 809 1511 similibus?
835 1449 932 1514 Unde
945 1451 1106 1515 Helisaeus
1117 1475 1138 1516 a

177 1575 254 1636 rege
265 1550 353 1617 Juda
362 1572 458 1635 super
466 1552 556 1614 exitu
567 1548 782 1632 expeditionis
792 1563 978 1628 conventus,
986 1564 1019 1616 et
1028 1554 1136 1617 ,loram

178 1676 254 1737 rege
271 1655 379 1732 lsrael,
391 1675 486 1737 quem
502 1663 632 1715 noverat
652 1670 722 1714 esse
737 1651 948 1728 idololatram,
962 1655 1136 1737 respondit,

187 1759 274 1820 Vicit
298 1757 469 1830 Dominus,
484 1757 521 1816 in
536 1754 630 1837 cujus
648 1762 820 1835 conspectu
841 1763 900 1831 eto,
913 1755 1000 1838 qnod
1019 1759 1050 1817 ei
1072 1778 1137 1820 non

177 1858 306 1921 nultum
321 1857 482 1937 Joenpltet
502 1857 587 1934 repis
600 1856 698 1917 «lude
716 1855 941 1935 erubescerem,
957 1877 1015 1919 nec
1029 1865 1138 1920 otten-

180 1960 298 2024 disrem
314 1958 444 2043 quide-m
462 1965 504 2033 tc,
520 1977 577 2019 nec
594 1958 814 2036 respon-inem.

223 2058 316 2123 Ecce
338 2060 416 2142 quia
438 2056 604 2140 propheta,
618 2057 652 2123 in
674 2057 879 2139 perfectionis
901 2057 1003 2139 gradu
1017 2059 1136 2122 consti·

180 2169 279 2238 tutus,
292 2161 334 2223 ob
347 2159 476 2221 alterius
491 2159 708 2232 reverentiam,
720 2158 935 2223 neeessariam
947 2159 1034 2241 quod
1050 2182 1135 2243 quae·

180 2261 320 2336 rebatur,
340 2259 456 2322 divinae
473 2260 655 2336 voluntatis,
674 2261 821 2343 quamvis
840 2260 1017 2324 idololatrae
1032 2262 1139 2345 culpa,

180 2374 216 2426 ut
231 2361 385 2445 oportuit,
401 2360 597 2436 denuntiate,
612 2361 763 2425 revelavit
777 2382 939 2426 areanum.
980 2360 1136 2427 Neamam

180 2485 256 2528 vero
271 2464 381 2545 Syrus,
396 2462 456 2525 etsi
472 2473 600 2525 curatus
623 2485 642 2525 a
664 2464 764 2544 lepra,
780 2477 813 2525 et
825 2449 937 2526 renim
961 2465 1137 2528 Dominum

179 2583 373 2645 agnoscens,
395 2572 427 2626 et
448 2563 619 2640 confitens,
632 2564 753 2626 nullum
777 2563 981 2646 perfectionis
1002 2567 1136 2646 gradum

179 2675 358 2740 nsecutus,
380 2663 421 2727 de
447 2675 557 2726 sancta
579 2676 659 2726 terra
685 2662 821 2726 duorum
846 2665 1026 2727 burdonum
1054 2689 1137 2731 onus

181 2766 331 2831 deferens
356 2786 476 2842 mcum,
502 2767 544 2829 ab
569 2764 684 2829 eodem
710 2765 854 2829 Helisaeo
876 2766 1027 2844 obtinuit,
1049 2779 1086 2830 nt
1106 2770 1137 2832 ei

180 2869 380 2933 orationibus
403 2866 537 2930 Domini
559 2867 620 2943 sui,
642 2865 731 2950 quod
753 2886 794 2929 ex
820 2862 1011 2931 necessitate
1037 2869 1137 2933 offleii

180 2971 370 3051 cogebatur,
389 2969 501 3032 liceret
522 2968 680 3046 assistere,
698 2980 729 3031 et
753 2970 816 3032 Dei
838 2969 969 3051 gratiam
991 2991 1056 3033 non
1081 2971 1137 3035 de·

179 3072 307 3138 mereri.
344 3071 399 3133 Ait
412 3070 509 3146 enim,
522 3068 661 3135 Quando
676 3072 862 3149 inpreditnr
875 3069 1037 3133 Dominus
1047 3093 1138 3135 meuc

182 3173 341 3255 mum
356 3171 513 3233 Remmon
527 3178 564 3232 nt
585 3171 710 3247 odoret,
725 3178 757 3232 et
779 3171 835 3231 illo
857 3172 1019 3234 innitente
1038 3193 1137 3253 anper

181 3295 319 3339 monum
340 3294 456 3348 meum,
474 3274 504 3335 ei
524 3273 699 3335 adoravero
720 3293 794 3334 cnm
816 3292 853 3334 eo
874 3275 910 3333 in
931 3274 1039 3335 eodem
1063 3277 1140 3353 loeo,

176 3398 296 3458 precor
307 3384 343 3439 ut
357 3378 501 3455 iqnoecnt
515 3376 597 3437 mini
608 3376 770 3438 Dominus
779 3396 867 3437 servo
877 3396 935 3438 suo
944 3396 1008 3457 pro
1019 3378 1081 3439 boc
1091 3400 1137 3442 re.

182 3480 346 3561 Dixitque
379 3478 549 3541 Heliseus:
604 3477 691 3541 Vade
718 3477 755 3539 in
788 3498 881 3557 poce.
934 3478 1027 3543 Patet
1059 3479 1137 3544 hine

181 3591 342 3664 emtenus
355 3578 560 3662 imperfectos
574 3588 665 3659 urget
679 3578 841 3642 interdum
858 3581 1034 3644 reverentia
1054 3583 1138 3663 pub·

180 3684 253 3748 lica
268 3682 450 3765 potestatis.
496 3681 551 3743 Ex
566 3680 685 3761 quibus
700 3679 788 3764 quod
803 3681 860 3743 tibi
875 3682 978 3744 ausim
992 3681 1137 3760 suadere,

181 3785 312 3867 colligo,
324 3796 361 3847 ut
373 3783 400 3846 si
415 3784 565 3866 prelatus
576 3781 822 3846 archidiaconns
835 3793 924 3845 tuum
934 3783 1003 3845 vult
1017 3780 1137 3847 habere

183 3886 393 3963 consortium,
406 3884 540 3948 accedes
555 3884 716 3966 adipsum
734 3885 955 3967 exploraturus
977 3898 1137 3966 quatenns

183 3986 271 4071 apud
285 3987 390 4071 ipsum
407 3986 512 4069 possis
527 3985 693 4069 proficere,
708 3995 741 4047 et
759 3985 790 4047 ei
813 3984 900 4067 quod
922 3984 1004 4049 fides
1025 3988 1138 4070 exigit,

184 4090 391 4167 familiariter,
413 4099 445 4151 et
470 4088 504 4151 in
531 4109 605 4149 aure
632 4086 813 4160 denunties,
838 4099 873 4150 nt
899 4089 1078 4151 meminerit
1102 4112 1139 4155 ee

185 4191 406 4256 Christianum
428 4211 511 4262 esee,
533 4202 566 4251 et
587 4188 778 4251 sententiam
802 4210 866 4271 qua
890 4190 1065 4253 innodatus
1089 4203 1138 4254 est

185 4304 340 4369 vereatur,
350 4304 383 4355 et
397 4313 463 4374 pne
479 4292 630 4354 omuibus
643 4292 830 4353 mortalibus
846 4291 953 4353 timeat
968 4292 1068 4365 illum,
1080 4296 1137 4375 qui

186 4407 292 4478 potest
307 4415 423 4477 eorpus
438 4403 470 4456 et
487 4393 623 4462 animam
640 4392 763 4454 mittere
779 4393 811 4453 in
831 4392 1018 4470 gebennam.
1067 4393 1135 4456 Uti.
