3034 5500
416 758 480 816 822
683 765 822 811 maurus
838 761 1120 808 saansaaarausrs
1281 746 1324 825 [s.
1340 766 1366 808 n.

422 933 456 986 ot
469 922 525 1005 qui
539 921 625 984 fratri
640 921 764 983 foveam
785 927 884 999 parat,
899 916 1015 982 incidit
1028 917 1062 978 in
1086 937 1159 979 eam
1183 917 1283 1000 prior.
1326 919 1370 979 An

423 1044 489 1087 non
520 1021 709 1085 meministis
743 1019 918 1100 Scripturae
953 1018 1099 1095 dicentis,
1132 1018 1213 1101 quia
1250 1019 1373 1098 Semper

412 1126 532 1205 jurgia
546 1124 663 1207 quaerit
679 1122 798 1198 molus,
808 1122 945 1200 angelus
956 1127 1066 1181 autem
1079 1118 1223 1181 crudelis
1233 1121 1375 1182 mittetur

423 1235 536 1289 contra
551 1220 657 1286 eum?

469 1326 548 1390 Misi
561 1326 683 1388 litteras
697 1333 817 1386 vestras
833 1323 966 1386 domiuo
982 1320 1221 1399 Cantuariensi‚
1236 1323 1293 1386 sed
1311 1323 1378 1407 quia

427 1428 581 1490 nuncium
607 1437 743 1488 vestrum
768 1422 851 1486 ultra
877 1422 992 1485 festum
1023 1422 1127 1484 sancti
1153 1423 1295 1504 Remigii
1318 1445 1378 1486 non

429 1529 521 1613 potui
543 1526 688 1602 retinere,
709 1544 899 1608 responsum
921 1523 992 1607 ejus
1013 1523 1160 1586 nondum
1185 1545 1379 1607 acceperam.

430 1631 562 1695 Certum
578 1626 707 1712 quidem
723 1637 771 1687 est
785 1623 872 1708 quod
887 1623 1081 1687 officiositati
1099 1636 1214 1688 vestrm
1237 1626 1382 1707 plurimas

431 1733 527 1795 habet
547 1729 673 1812 gratias,
689 1749 768 1811 quas
783 1738 815 1789 et
829 1738 912 1807 agat,
926 1737 1055 1789 auctore
1079 1726 1237 1803 Domino,
1253 1738 1380 1811 accepto

430 1844 574 1917 tempore
604 1841 793 1914 opportune.
853 1829 928 1891 Hoc
959 1839 1065 1890 autem
1099 1826 1140 1890 de
1170 1837 1256 1891 statu
1286 1830 1382 1911 ipsius

430 1935 526 1998 nobis
545 1933 763 1996 indubitanter
784 1939 916 2007 constet,
933 1927 1083 2013 quoniam
1107 1931 1212 2012 pluris
1235 1930 1382 2014 estquod

430 2037 465 2099 in
481 2035 649 2098 virtutihus
663 2044 695 2096 et
709 2032 821 2095 litteris
836 2030 1016 2113 acquisivit,
1032 2051 1129 2112 quam
1148 2031 1240 2114 quod
1255 2033 1283 2094 ei
1305 2032 1383 2112 regis

431 2146 463 2199 et
488 2133 729 2214 malignantium
761 2133 822 2194 sihi
848 2131 982 2194 extorsit
1005 2130 1206 2214 improbitas.
1261 2131 1383 2197 Confir-

429 2243 534 2298 matus
564 2244 613 2297 est
641 2235 672 2295 ei
702 2232 743 2294 de
773 2253 858 2296 novo
888 2234 1051 2316 primatus,
1082 2244 1114 2297 et
1143 2235 1382 2319 archiepiscopo

429 2332 628 2398 Eboracensi
653 2330 833 2413 injunctum
865 2344 901 2395 ut
930 2353 1002 2395 eum
1032 2345 1191 2413 agnoscat
1219 2336 1382 2419 primatem

429 2454 523 2497 suum
547 2430 744 2494 exhibitione
769 2429 972 2495 obedientiae.
1017 2430 1110 2495 Idem
1134 2446 1184 2498 est
1206 2446 1238 2497 ct
1263 2436 1383 2515 legatus

429 2535 528 2599 totius
554 2533 679 2615 Angliae
709 2541 851 2613 excepto
878 2532 1064 2615 episcopatu
1091 2535 1305 2610 Eboracensi,
1331 2536 1382 2620 qui

429 2639 505 2704 ideo
530 2635 657 2700 interim
681 2634 758 2698 huic
788 2645 905 2696 nostrae
930 2635 1150 2719 jurisdictioni
1182 2638 1384 2711 subtrahitur,

433 2740 509 2827 quia
530 2735 791 2820 archiepiscopus
812 2735 1027 2798 Eboracensis
1048 2737 1174 2819 legatus
1189 2750 1239 2802 est
1261 2739 1385 2816 Scotiae,

432 2864 492 2906 nec
509 2841 591 2903 solet
605 2837 754 2901 Ecclesia
769 2836 917 2899 Romana
934 2836 1071 2919 alicujus
1085 2838 1186 2919 legati
1206 2839 1385 2904 Ecclesiam

431 2954 574 3025 ternpore
604 2938 774 3021 legationis
802 2936 945 3013 indultu,
975 2938 1064 3002 alteri
1096 2941 1201 3021 legato
1231 2942 1385 3026 subjicere

431 3045 554 3108 ratione
575 3039 763 3124 legationis:
795 3037 851 3101 sed
866 3059 926 3102 uec
943 3039 1102 3104 subtrahit
1117 3042 1260 3125 quidem,
1275 3044 1303 3107 si
1324 3044 1384 3107 alio

427 3148 500 3231 jure
515 3144 660 3227 subjecta
676 3152 735 3205 est.

475 3244 597 3321 Quaerit
611 3265 668 3306 rex
685 3253 803 3321 noster,
818 3253 853 3305 ut
867 3242 1049 3306 Willelmus
1064 3243 1246 3327 Papiensis,
1260 3258 1294 3311 et
1306 3247 1384 3311 alius

431 3347 603 3414 cardinalis
623 3345 788 3409 mittantur
810 3344 919 3425 legati,
933 3365 1065 3428 sperans
1088 3357 1126 3410 ut
1149 3368 1282 3412 causam
1303 3349 1383 3412 hauc

429 3448 471 3510 ad
487 3446 588 3529 ipsius
600 3442 759 3508 diffiniant
771 3446 975 3507 voluntatem.
1007 3446 1082 3528 lpse
1093 3466 1182 3527 vero,
1196 3458 1232 3511 ut
1242 3450 1384 3513 voluntas

430 3568 488 3611 sua
501 3545 665 3628 procedat,
680 3545 790 3606 multis
805 3557 838 3608 et
860 3546 983 3627 magnis
1001 3548 1186 3628 procuravit
1206 3550 1339 3634 injuriis,
1352 3561 1384 3612 et

429 3647 561 3732 rapinis.
607 3643 702 3707 Unde
718 3644 797 3705 mihi
814 3646 1019 3710 commodum
1034 3646 1197 3713 videretur
1211 3651 1299 3729 utsi
1319 3650 1384 3715 fieri

430 3760 547 3836 posset,
571 3745 796 3811 coloniensem
822 3746 1027 3826 induceretis,
1042 3760 1204 3833 quatenus
1230 3754 1292 3817 sub
1314 3774 1383 3816 eon·

429 3854 490 3917 silii
507 3849 612 3934 specie
636 3856 668 3908 et
690 3844 816 3924 amoris,
832 3868 937 3930 regern
961 3860 1115 3914 statueret
1139 3866 1253 3917 contra
1274 3856 1384 3918 faciem

430 3972 530 4027 suam,
554 3960 585 4014 et
608 3968 714 4011 causae
739 3946 944 4013 difficultates
966 3950 1160 4016 ostenderet.
1208 3956 1282 4028 Quo
1304 3956 1384 4019 enim

423 4057 505 4140 jure,
536 4074 600 4136 qua
634 4052 767 4129 rationo,
797 4074 861 4136 qua
896 4054 969 4133 loge
998 4056 1047 4117 vel
1085 4076 1224 4135 canone,
1258 4067 1385 4139 cogetur

428 4154 668 4221 Cantuariensis
684 4174 814 4217 causam
830 4153 952 4235 ingredi
976 4156 1134 4236 spoliatus
1149 4170 1226 4242 post
1246 4161 1383 4243 appella·

426 4254 567 4325 tionem?
599 4276 707 4318 nonne
732 4256 762 4317 ei
789 4255 908 4319 debent
923 4266 1018 4319 antea
1039 4258 1189 4323 universa
1209 4261 1342 4337 restitui,
1356 4274 1384 4322 et

426 4386 492 4447 pax
507 4363 629 4442 integra
645 4359 817 4436 reformari,
833 4371 866 4423 et
881 4366 996 4422 catera
1020 4380 1092 4441 quae
1115 4381 1262 4427 canones
1277 4365 1311 4427 in
1328 4365 1382 4426 bac
