3034 5500
148 1035 372 1099 EPISTOLA
403 1034 677 1099 extritus-sn
700 1056 846 1101 reomau
873 1055 1103 1102 cauruanmu·

432 1155 500 1199 sau
515 1154 820 1204 incusserscorun.

156 1282 335 1345 Venerabili
353 1285 447 1362 patri
468 1288 500 1344 et
525 1281 652 1345 domino
676 1287 841 1348 carneimo
872 1286 1015 1358 Thence,
1040 1284 1104 1348 Dei

185 1384 303 1476 petia
329 1382 561 1445 cantuariensi
585 1385 937 1466 archiepiscopamus
960 1387 1106 1450 Joannes

188 1483 452 1562 Saresberieresis,
463 1484 613 1549 Salutem
629 1491 661 1548 et
665 1484 782 1568 felices
792 1487 837 1550 ad
850 1493 923 1549 vota
933 1508 1104 1551 moccense.

190 1635 246 1698 Ex
269 1656 335 1719 quo
358 1646 464 1719 partes
486 1633 579 1718 attigi
604 1636 809 1713 cismarinas,
826 1636 911 1699 visus
933 1657 1003 1699 sum
1026 1635 1104 1700 mihi

149 1735 279 1799 sensisse
296 1735 421 1800 lenioris
436 1759 523 1802 aurae
540 1737 735 1823 temperiem,
751 1737 839 1802 etde
855 1737 1105 1802 tumescentibus

148 1841 298 1923 procellis
313 1852 542 1924 tempestatum
553 1863 627 1905 cum
643 1840 761 1923 gaudio
772 1843 904 1906 miratus
915 1863 985 1905 snm
999 1863 1103 1906 rerum

148 1942 268 2026 ubique
291 1943 429 2026 copiam,
449 1944 654 2027 quietemque
676 1955 709 2007 et
730 1944 875 2007 laetitiam
897 1944 1102 2027 populorum

149 2043 376 2126 Egredientem
388 2065 462 2109 vero
475 2045 599 2108 denari
611 2046 786 2109 servientes
796 2045 924 2110 comitis
933 2045 1105 2111 Gisnensis

151 2168 193 2208 ex
211 2146 363 2209 mandato
379 2147 459 2231 ejus,
474 2160 663 2231 procurante
679 2149 850 2232 Emulpho
862 2155 980 2232 nepote
991 2147 1104 2232 ipsius,

147 2247 324 2310 honorifice
354 2261 575 2332 susceperunt,
598 2257 631 2312 et
659 2250 739 2313 mihi
762 2261 794 2313 et
813 2251 893 2314 meis
914 2249 1046 2314 domum
1069 2259 1102 2313 et

148 2360 263 2413 terram
281 2350 406 2413 comitis
421 2371 479 2434 pro
495 2362 599 2414 vestra
613 2352 787 2415 reverentia
802 2363 1012 2436 exponentes,
1022 2352 1102 2415 libe-

147 2473 214 2514 rum
239 2454 280 2514 ab
304 2452 391 2513 omui
414 2451 654 2516 consuetudinis
678 2475 773 2517 onere
796 2454 1015 2537 perduxerunt
1036 2453 1100 2516 iere

148 2576 249 2637 usque
263 2553 304 2616 ad
316 2566 459 2616 sanctum
473 2554 700 2618 Audomarum.
734 2558 807 2628 Quo
820 2577 919 2639 quum
931 2555 1101 2632 venissem,

148 2667 339 2739 procurante
378 2655 518 2738 quodam
551 2657 694 2719 Marsilio
727 2657 899 2731 monacho,
929 2656 984 2739 qui
1015 2655 1101 2738 apud

147 2759 339 2836 Chisseham,
350 2771 383 2822 et
396 2760 568 2842 Trulegam
583 2761 698 2823 morari
714 2756 890 2834 consuerit,
906 2759 938 2821 in
955 2758 1051 2820 domo
1066 2758 1100 2821 S.

148 2859 270 2922 Bertini
287 2860 505 2923 honestissime
526 2873 673 2943 receptus
694 2881 774 2923 sum.
821 2860 866 2921 Et
887 2866 1032 2940 patenter
1051 2857 1100 2919 in·

148 2963 268 3040 tellexi,
284 2961 372 3045 quod
393 2963 530 3026 ecclesia
549 2964 605 3025 illa
626 2961 668 3025 ad
690 2962 846 3024 honorem
861 2958 1101 3025 cantuariensis

146 3064 293 3127 ecclesiae
309 3074 341 3125 et
356 3076 494 3126 sestmm
519 3064 668 3146 exposita
688 3073 747 3125 est.
794 3062 882 3124 Etsi
905 3059 1022 3143 placet,
1037 3068 1101 3120 tam

146 3166 256 3228 comiti
281 3186 374 3248 quam
402 3166 579 3239 monachis,
603 3167 711 3228 oblata
735 3163 825 3227 vobis
851 3161 1099 3245 opportunitate,

147 3269 264 3348 gratias
279 3267 429 3331 reseratis.
468 3267 598 3330 Exinde
614 3288 713 3351 quum
726 3265 885 3328 recusem
901 3263 1100 3341 Atrebatum,

145 3368 297 3430 comitem
321 3368 508 3450 Philippum
523 3365 608 3451 apud
623 3368 801 3430 Exclusam
818 3366 977 3441 Castrum,
993 3386 1012 3427 a
1034 3384 1101 3448 quo

148 3480 301 3550 tyrannus
316 3467 472 3550 Yprensis
487 3478 551 3529 tam
566 3468 663 3547 longa
678 3466 848 3530 obsidione
869 3467 1020 3529 exclusus
1042 3476 1101 3542 est,

147 3590 216 3632 esse
237 3568 356 3632 audivi.
402 3570 485 3631 Illuc
501 3568 610 3651 itaque
633 3566 802 3645 divertens,
819 3566 960 3629 Domino
978 3566 1100 3630 miseri·

147 3671 284 3734 corditer
297 3671 355 3734 iter
367 3691 473 3733 meum
487 3670 520 3732 in
533 3669 681 3732 omuibus
696 3680 915 3752 prosperante,
927 3689 993 3731 non
1004 3669 1101 3751 longe

147 3783 278 3836 astrata
292 3772 425 3856 publice
440 3771 569 3834 obvium
584 3770 681 3834 habui
699 3792 795 3854 quem
817 3771 1008 3854 quaerebam.
1055 3771 1102 3833 Ut

147 3875 230 3936 enim
241 3896 332 3937 more
347 3874 493 3950 divitum,
504 3893 586 3956 quos
597 3874 739 3937 oblectet
752 3873 814 3936 hoc
830 3871 975 3953 nugandi
989 3892 1100 3952 genus,

139 3979 178 4040 in
206 3979 320 4041 avibus
346 3978 420 4041 coeli
445 3976 581 4052 luderet,
604 3977 729 4051 fluvios,
752 3988 878 4057 stagna,
900 3974 1046 4059 paludes,
1067 3985 1101 4038 et

148 4080 358 4162 scaturigines
385 4079 519 4143 fontium
547 4100 720 4161 peragrans
746 4079 912 4141 circuibat
961 4077 1101 4140 Gavisus

147 4195 195 4245 est
224 4204 260 4245 se
286 4180 447 4245 iuvenisse
478 4180 651 4257 hominem,
677 4202 696 4243 a
726 4201 790 4264 quo
816 4179 951 4242 fideliter
977 4177 1102 4241 audiret

147 4282 270 4364 Angliae
287 4292 414 4345 statum.
460 4281 504 4342 Et
526 4301 584 4361 ego
608 4280 720 4361 magis,
735 4282 810 4364 quia
825 4302 898 4343 eum
914 4279 992 4342 mihi
1011 4278 1102 4340 Deus

148 4386 314 4448 obtulerat.
353 4385 403 4447 Ita
420 4394 453 4445 ut
466 4383 532 4445 siue
544 4381 644 4445 multo
658 4382 715 4444 vin
731 4381 901 4464 dispendio
915 4378 1099 4443 mandatum
