3034 5500
285 746 345 803 146
532 757 669 801 Joauurs
684 754 960 800 saussaumausrs
1143 740 1190 814 [a.
1207 757 1235 800 o.

287 909 417 973 effectus
442 920 550 971 autem
579 906 738 969 Dominus
768 905 964 991 procurabit.
1013 904 1103 982 Quid
1130 904 1169 968 de
1195 928 1238 968 me

282 1010 395 1085 dicam,
410 1009 466 1094 qui
479 1023 567 1074 totus
582 1020 684 1070 vester
700 1029 781 1086 sum,
796 1018 828 1069 et
843 1006 996 1070 illorum?

326 1113 375 1176 De
401 1124 516 1173 caetcro
546 1108 728 1172 liberalitati
756 1122 871 1172 vestrae
900 1130 960 1193 pro
987 1109 1134 1193 epistolis
1159 1108 1235 1172 besti

284 1211 438 1275 Bernardi
462 1213 581 1292 gratias
604 1231 675 1292 ago,
699 1209 841 1294 antiquis
860 1208 1009 1272 insistens
1029 1210 1192 1295 precibus,
1209 1223 1239 1274 ut

283 1311 375 1376 flores
398 1314 565 1375 verborum
586 1312 657 1394 ejus
679 1333 762 1394 quos
784 1309 972 1394 conquirere
996 1310 1147 1398 poteritis
1169 1311 1238 1374 mihi

284 1411 451 1476 transcribi
475 1409 610 1486 faciatis,
633 1423 665 1473 et
696 1410 722 1472 si
746 1409 825 1494 quid
854 1409 1042 1494 hujusmodi
1072 1411 1161 1495 apud
1192 1432 1240 1474 ros

287 1526 433 1599 paratum
450 1524 508 1587 est,
523 1533 582 1595 per
599 1527 721 1574 nostros
736 1511 865 1572 nuntios
880 1511 1046 1576 afferatur.
1089 1516 1238 1577 Praeterea

287 1616 371 1680 beati
389 1613 508 1698 Aigulli
526 1613 600 1677 mihi
614 1613 746 1698 pignora
761 1612 960 1697 promisistis,
975 1615 1026 1678 cui
1045 1614 1123 1678 satis
1137 1630 1238 1699 gratu-

287 1717 345 1782 lari
363 1739 424 1781 uon
441 1737 589 1803 possum3
615 1714 668 1777 sed
681 1714 752 1777 licet
770 1714 845 1776 mibi
858 1718 994 1778 sufficiat
1010 1717 1118 1799 gratia
1132 1731 1240 1793 restra,

287 1840 410 1903 precor,
431 1818 456 1880 si
478 1817 546 1879 ficri
569 1828 684 1901 potest,
701 1828 736 1878 ut
760 1815 801 1878 de
824 1814 967 1899 reliquiis
983 1817 1089 1880 beatae
1111 1819 1239 1893 Savium,

287 1918 447 1993 Memorii,
464 1917 664 1988 Frodoberti‚
682 1930 712 1979 et
730 1917 875 1992 aliorum,
891 1939 1030 2000 quorum
1048 1940 1132 2003 pane
1147 1920 1240 1984 nutri·

287 2036 341 2082 tus
367 2041 449 2093 sum,
476 2041 533 2104 per
559 2018 686 2082 eosdem
714 2019 794 2082 milri
825 2018 965 2083 mittatis.
1012 2020 1111 2096 Quod
1141 2035 1240 2086 autem

286 2116 470 2201 hujusmodi
500 2116 583 2180 mitti
619 2116 787 2201 placuerit,
815 2138 911 2179 manu
942 2129 1051 2180 vestra
1085 2119 1237 2205 signatum

286 2216 431 2281 tradatur
457 2215 586 2290 nuntiis,
610 2229 641 2279 et
665 2216 845 2283 litterarum
869 2232 1049 2283 vestrarum
1073 2244 1241 2309 prosequu-

286 2317 371 2381 tione
386 2318 442 2381 fiat
457 2316 688 2380 authenticum.

286 2619 507 2684 EPISTOLA
536 2619 783 2682 >scrut-ao
799 2639 983 2685 nauarcuu
1001 2641 1106 2687 misc.
1122 2643 1239 2688 πιπτο-

564 2736 715 2781 amussis
735 2718 780 2797 [Α.
798 2738 828 2783 n.
849 2722 957 2803 llas]

494 2877 637 2939 Henrico
649 2880 792 2961 episcopo
812 2880 1035 2944 Wirrtoniensr‘.

330 3010 426 3083 Quor
451 3021 483 3070 et
512 3022 634 3091 quanta
662 3007 746 3071 mala
770 3009 910 3075 ecclesiis
938 3011 1062 3078 Christi
1092 3032 1234 3100 procuret

286 3109 421 3193 pastoris
435 3108 588 3183 absentia,
601 3109 658 3171 etsi
675 3124 768 3174 antea
790 3111 880 3175 nobis
895 3111 1009 3179 luisset
1033 3115 1238 3203 incognitum,

283 3231 323 3271 ex
354 3206 421 3270 solo
445 3210 708 3292 peregrinationis
738 3225 858 3276 vestroe
883 3213 1054 3299 dispendio
1079 3219 1238 3303 potuimus

283 3306 438 3369 didicisse.
485 3308 654 3370 Biennium
670 3311 751 3373 enim
769 3325 816 3375 est
832 3336 871 3376 ex
895 3336 961 3398 quo
977 3315 1081 3380 fames
1096 3319 1194 3404 coepit
1206 3318 1236 3381 iu

282 3421 366 3470 terra
382 3418 496 3483 vestra,
511 3428 572 3468 non
598 3409 747 3491 equidem
771 3411 870 3474 fames
886 3411 1088 3491 victualium,
1104 3439 1237 3502 quorum

282 3504 427 3568 satietate
438 3526 457 3565 a
467 3508 557 3568 cultu
572 3508 702 3571 Domini
714 3511 881 3586 avertitur,
894 3525 926 3576 et
940 3517 1133 3602 plerumque
1145 3518 1237 3583 recal-

282 3605 376 3670 citrat
388 3604 527 3691 populus
542 3610 747 3683 incrassatus,
759 3611 993 3697 impinguatus,
1008 3615 1175 3695 dilatatus,
1186 3618 1236 3682 sed

280 3708 380 3772 fames
403 3706 554 3770 audiendi
580 3708 712 3771 verbum
739 3712 881 3776 Domini.
928 3716 1060 3780 Parvuli
1083 3719 1235 3804 siquidem

280 3808 441 3895 petierunt
454 3829 579 3893 panem,
592 3820 623 3870 et
639 3831 699 3872 uon
712 3824 778 3873 erat
791 3812 848 3895 qui
861 3813 1021 3897 frangeret
1034 3818 1092 3882 eis.
1118 3820 1151 3883 Si
1163 3842 1235 3903 ergo

278 3909 319 3973 ad
330 3910 467 3995 aliquem
481 3908 654 3972 vicinorum
668 3910 750 3973 solos
762 3913 917 3997 evangelii
929 3928 993 3978 tres
1004 3938 1115 4001 panes,
1130 3918 1233 3983 domui

278 4026 391 4075 vestras
421 4010 601 4074 mutuaturi
635 4011 825 4091 accedimus,
854 4015 1051 4081 creditorum
1085 4018 1235 4084 continuo

278 4110 468 4174 sustinemus
496 4107 713 4187 difficultates,
741 4133 779 4172 eo
808 4135 840 4174 se
870 4114 962 4197 copia
992 4118 1232 4181 excusationum

276 4208 420 4293 opponit,
444 4218 479 4268 ut
501 4205 573 4270 filiis
595 4208 835 4293 quiescentibus
857 4211 888 4274 in
911 4214 1022 4291 cubili,
1046 4216 1088 4279 ad
1118 4221 1234 4303 impor.

276 4311 443 4377 tunitatem
469 4323 606 4374 nostram
629 4311 682 4373 rix
704 4326 814 4396 surgat
837 4314 964 4400 aliquis,
980 4332 1013 4383 et
1037 4320 1160 4405 aperiat
1181 4320 1228 4383 vel
