3034 5500
301 721 340 780 10
555 738 691 782 ioannis
706 735 984 781 snuasaamansrs
1159 714 1202 792 [s.
1220 733 1247 776 n.

296 886 392 950 vestri
415 886 632 952 excellentiam
657 886 806 963 eundem,
834 899 871 949 ut
897 909 936 950 ex
965 884 1146 948 testimonio
1172 908 1248 969 qno-

296 987 443 1051 rumdam
459 988 610 1054 abbatum
627 989 820 1074 accepimus,
836 987 1064 1051 invitaverunt.

487 1305 710 1371 EPISTOLA
737 1304 883 1370 lX.-so
900 1323 1052 1368 eunoun.

556 1442 697 1502 Domino
709 1463 807 1522 papea
824 1442 983 1504 Adriano.

342 1597 494 1673 causan,
510 1620 585 1684 quae
600 1597 683 1661 inter
698 1596 847 1660 abbatem
866 1595 906 1658 de
923 1596 1123 1680 coggeshala
1139 1610 1170 1660 et
1187 1600 1249 1683 pri·

296 1722 383 1766 orem
408 1699 676 1765 Rumiliacensem
699 1720 795 1784 super
821 1697 951 1763 ecclesia
977 1698 1017 1760 de
1049 1699 1250 1785 Coggeshala

296 1802 435 1868 multum
447 1816 480 1867 at
489 1802 545 1865 diu
555 1801 677 1885 agitata
688 1813 748 1876 est,
757 1822 960 1887 nequaquam
972 1800 1135 1885 potuimus
1145 1802 1250 1865 termi-

296 1926 383 1980 nare,
410 1902 487 1987 quia
513 1915 587 1988 post
615 1901 734 1966 multas
764 1902 930 1966 citationes
959 1913 991 1965 et
1021 1901 1190 1967 dilationes
1220 1907 1249 1968 in

297 2017 438 2068 nostram
469 2005 671 2089 praesentium
702 2017 871 2079 venerunt,
902 2020 934 2067 et
965 2003 1083 2067 ibidem
1114 2018 1251 2091 uterque

296 2105 432 2170 alterum
456 2105 496 2168 ad
520 2103 719 2190 apostolatus
742 2105 839 2168 vestri
867 2106 1067 2190 praesentiam
1094 2106 1250 2172 inritavit.

299 2206 393 2270 Prior
424 2204 668 2270 Rumiliacensis
697 2206 847 2270 abbatem
878 2206 1065 2293 appellavit,
1095 2231 1133 2270 eo
1163 2210 1249 2295 quod

296 2307 357 2372 sibi
374 2305 537 2371 ecclesiam
554 2306 759 2394 saepedictam
774 2308 940 2372 auferebat
956 2322 988 2372 et
1004 2308 1145 2372 decimas
1160 2332 1250 2395 paro-

298 2408 496 2486 chianorum,
527 2431 609 2496 quos
638 2433 657 2472 a
687 2410 837 2473 domibus
866 2422 898 2474 et
929 2412 1020 2474 terris
1049 2410 1249 2495 expulerant,

296 2508 446 2595 diemque
462 2511 601 2596 praelixit
613 2513 751 2575 Octavus
765 2514 974 2575 Pentecostes.
1013 2513 1166 2576 Monacbi
1178 2534 1250 2578 vero

295 2610 411 2675 exinde
436 2632 525 2676 suam
549 2611 785 2697 praetendentes
807 2622 1030 2696 paupertatem
1057 2633 1089 2673 se
1114 2615 1248 2695 priorem

296 2711 328 2775 in
360 2711 529 2798 prasentia
565 2711 705 2799 episcopi
744 2711 947 2775 Morinorum
981 2709 1021 2772 ad
1054 2711 1249 2777 audientiam

297 2827 434 2880 vestram
449 2815 637 2902 appellasse,
651 2828 683 2879 et
699 2815 818 2879 festum
836 2813 943 2877 Sancti
961 2814 1058 2876 Lucae
1081 2816 1248 2879 terminum

296 2940 363 2981 suar
378 2918 582 3005 appellationi
606 2916 716 2982 fecisse
737 2918 929 3002 allegarunt,
945 2926 976 2978 et
997 2915 1130 2980 eandem
1146 2937 1248 2982 coram

296 3020 387 3085 nobis
401 3020 646 3106 appellationem
664 3031 904 3084 renovaverunt.

502 3309 724 3373 EPISTOLA
750 3312 881 3373 X.-ao
896 3331 1048 3377 ananau.

564 3442 704 3507 Domino
714 3466 811 3527 papie
828 3446 981 3510 Adriano.

342 3604 486 3666 Clamet
502 3612 643 3686 quatuor
656 3624 677 3664 a
686 3602 811 3688 judicio
827 3605 1015 3671 venerabilis
1029 3608 1137 3674 fratris
1154 3612 1249 3676 nostri

298 3701 438 3788 episcopi
463 3700 692 3765 londoniensis
709 3726 729 3767 a
749 3704 854 3789 priore
876 3704 1045 3773 Rumiliac.
1067 3733 1124 3796 per
1144 3712 1251 3799 appel·

298 3803 447 3867 lationem
475 3801 569 3866 tracti
595 3802 627 3864 in
652 3816 760 3867 nostra
785 3806 955 3890 prasentia
981 3808 1207 3887 constiterunt,
1232 3835 1250 3875 a

298 3904 421 3991 quibus
443 3903 529 3968 idem
554 3903 642 3989 prior
665 3927 698 3968 sa
724 3906 922 3991 querebatur
952 3930 1054 3994 nuper
1080 3913 1249 3997 spoliatum

298 4004 437 4091 quadam
452 4004 573 4091 capella
587 4004 727 4069 ecclesiae
742 4030 810 4071 suae
830 4008 871 4071 de
890 4008 969 4073 Reia
984 4012 1106 4098 absque
1116 4015 1249 4099 judicio,

297 4130 393 4194 quam
410 4106 500 4171 annis
515 4114 557 4172 60
572 4121 605 4170 et
627 4131 665 4170 eo
686 4109 825 4194 amplius
848 4110 957 4195 quiete
979 4115 1163 4181 inconcusse
1182 4141 1250 4203 pos-

298 4209 432 4274 sederat.
479 4210 528 4273 Ad
546 4209 640 4293 cujus
655 4212 699 4273 rei
715 4211 933 4296 probationem
947 4216 995 4280 bis
1007 4216 1250 4302 allegationibus

300 4312 460 4387 utebatur,
474 4313 578 4396 primo
591 4314 669 4397 quia
685 4313 863 4379 sacerdotes
878 4315 924 4379 illi
938 4318 994 4401 qui
1009 4319 1050 4381 ad
1067 4326 1248 4386 memoriam
