3034 5500
278 737 486 817 1156—64.]
686 755 867 801 uersrosm.
1179 738 1236 802 181

275 908 315 971 sit
336 908 380 972 ob
401 904 594 994 hujusmodi
614 929 739 970 causam
764 906 989 993 projiciendus.
1037 910 1234 996 Hucusque

274 1021 499 1095 urntenrptum
521 1021 668 1082 restrum,
686 1020 862 1093 utcumque
882 1021 1056 1093 portamus,
1073 1011 1178 1075 adhuc
1194 1011 1234 1075 de

276 1109 419 1196 periculo
434 1109 553 1175 animae
569 1123 631 1175 tuae
653 1124 685 1174 et
700 1110 795 1173 famae
810 1109 967 1190 dolemus,
983 1126 1015 1177 et
1036 1127 1067 1178 te
1091 1114 1235 1198 profecto
1348 1186 1351 1192 ¹

276 1211 342 1276 siue
357 1234 447 1275 mora
463 1211 572 1275 dolere
586 1210 748 1288 faciemus,
765 1211 824 1275 nisi
841 1211 937 1277 vitam
956 1227 1042 1278 tuam
1065 1218 1096 1280 in
1121 1215 1234 1280 melius

275 1313 537 1391 commutaveris,
548 1327 582 1405 et
595 1313 708 1379 domus
723 1327 789 1378 tuae
800 1314 916 1378 famam
928 1317 1119 1382 correctione
1134 1322 1233 1382 celere

276 1414 442 1480 studueris
453 1415 634 1481 reformare.
665 1416 883 1504 Apostolicum
897 1441 1034 1505 namque
1049 1420 1233 1484 mandatum

276 1530 308 1580 et
322 1517 559 1602 increpationes
574 1517 779 1603 suscepimus,
795 1540 868 1603 quae
890 1518 981 1582 nobis
1002 1517 1147 1583 indicunt
1170 1543 1232 1583 non

276 1643 342 1683 esse
358 1618 567 1706 parcendum,
583 1620 610 1686 si
634 1621 692 1684 tibi
717 1620 857 1684 ulterius
879 1621 1112 1706 pepercerimus
1133 1622 1165 1684 in
1185 1645 1231 1685 er-

278 1722 406 1787 roribus
436 1723 511 1786 tuis.
569 1722 708 1787 Proinde
737 1722 769 1785 in
801 1723 921 1787 virtute
957 1722 1147 1788 obedientiae
1176 1723 1234 1787 tibi

278 1825 497 1911 praecipiendo
523 1825 721 1903 mandamus,
746 1836 783 1888 ut
810 1823 982 1910 praefatum
1014 1825 1186 1909 Hugonem
1217 1851 1236 1888 u

277 1927 496 1992 familiaritate
526 1947 557 1991 et
587 1924 824 1991 conversatione
855 1925 970 1989 domus
997 1939 1061 1992 tuae
1090 1949 1235 1990 amoveas

279 2029 363 2093 infra
384 2030 559 2115 septimum
581 2028 664 2093 diem
689 2051 707 2091 a
730 2029 929 2114 susceptione
952 2029 1155 2114 praesentium
1183 2027 1236 2093 lit·
1288 2034 1298 2053 ⁸

280 2143 433 2206 terarum,
448 2144 481 2193 et
495 2129 785 2194 administrationes
800 2129 938 2194 ecclesiae
957 2144 1022 2195 tuae
1041 2152 1152 2216 gerere
1170 2153 1231 2193 non

278 2232 457 2316 permittas,
469 2255 507 2295 ne
523 2233 548 2294 si
565 2231 717 2294 adversus
734 2231 801 2296 haec
817 2232 923 2295 venire
939 2233 1191 2318 praesumpseris,
1201 2245 1232 2296 te

278 2332 399 2397 domini
415 2356 507 2420 papae
523 2334 711 2398 auctoritate
727 2334 842 2398 sentias
857 2334 1108 2399 condemnatam.
1147 2335 1234 2398 Vale.

309 2609 542 2674 EPISTOLA
567 2609 823 2674 cxxxi-m
839 2629 1066 2674 acaxsnunuru
1083 2630 1204 2673 innan.

523 2769 664 2833 Domino
680 2772 781 2850 Paper
798 2769 992 2831 Alearmdro.

326 2934 380 2997 Ur
402 2930 443 2994 de
465 2930 525 3007 his,
544 2952 618 3015 quae
639 2955 657 2994 a
680 2928 771 2992 nobis
793 2928 832 2990 ad
856 2928 1028 3012 majestatis
1050 2942 1161 2993 vestrae
1185 2954 1238 2993 ex-

281 3053 373 3096 amen
401 3043 575 3105 tranaeum,
599 3030 727 3114 possitis
752 3026 951 3091 commodius
972 3027 1128 3112 judicare,
1152 3053 1238 3095 sanc-

282 3132 367 3197 titati
390 3146 502 3197 vestrae
524 3146 685 3217 gestorum
708 3130 802 3193 series
824 3143 871 3194 est
895 3127 1030 3194 fideliter
1053 3130 1238 3198 intimanda.

285 3235 385 3321 Apud
411 3257 469 3298 nos
498 3236 581 3298 inter
613 3233 799 3319 Philippum
830 3232 869 3295 de
896 3234 1084 3309 Danteheia,
1111 3249 1143 3300 et
1173 3240 1237 3302 Ra·

282 3337 449 3423 ginaldum
479 3337 519 3401 de
549 3336 769 3401 Ledescumba
804 3335 989 3421 hujusmodi
1025 3340 1240 3404 controversia

283 3437 477 3502 vertebatur.
524 3436 708 3524 Osmundus
723 3436 764 3499 de
782 3436 932 3500 Saresbr'.
949 3436 1074 3500 nomine
1091 3439 1239 3524 jamdicti

285 3540 593 3626 Philippi‚ecclesias
604 3539 645 3604 de
661 3540 838 3615 Renebera‚
849 3554 879 3604 et
896 3540 1118 3621 lidescumba,
1129 3555 1161 3606 et
1178 3544 1240 3607 Fa-

285 3642 391 3709 lesleia
414 3643 605 3729 possidebat.
652 3645 752 3707 Porro
773 3641 949 3725 jamdictus
971 3643 1168 3728 Reginaldus
1188 3666 1240 3709 ec·

283 3745 394 3811 clesias
409 3745 450 3809 de
467 3746 664 3809 Lidecumba
680 3758 712 3809 et
724 3744 879 3808 Palesleia
890 3745 1017 3831 prael'ati
1027 3748 1242 3830 procuratoris

285 3849 422 3923 nomine,
451 3845 609 3910 Osmundi
642 3845 800 3926 videlicet,
825 3846 1019 3931 possidebat,
1047 3847 1183 3913 reddens
1213 3849 1241 3911 ei

285 3971 424 4013 annuam
450 3948 643 4032 pensionem.
689 3949 797 4024 Quum
821 3948 932 4033 itaque
956 3948 1151 4013 membratus
1181 3950 1240 4012 Os·

286 4049 425 4114 mundus
448 4047 630 4112 infirmitate
652 4060 804 4131 gravatus
828 4070 859 4109 se
882 4046 1025 4131 religioni
1048 4047 1242 4131 regularium

286 4153 424 4217 fratrum
441 4148 588 4212 canonice
603 4148 800 4225 contulisset,
817 4148 1012 4233 Philippum,
1027 4152 1084 4233 qui
1105 4147 1244 4233 posside-

288 4255 355 4331 bat,
367 4252 494 4316 vocavit
512 4264 547 4314 ut
558 4249 585 4313 ei
596 4272 645 4313 res
657 4272 730 4313 suas
740 4250 927 4333 resignaret.
963 4248 1156 4313 Rationibus
1168 4271 1244 4332 ergo

288 4354 505 4441 procuratoris
514 4351 649 4437 expletis
661 4352 791 4438 pacifico
802 4351 971 4436 Philippus
981 4351 1141 4433 ingressus
1153 4360 1200 4411 est
1212 4350 1244 4411 in
