3034 5500
279 760 385 839 11671
659 776 841 822 nrrsronra.
1161 766 1225 825 als

276 929 374 1009 sinus,
405 937 437 991 et
470 930 591 992 eiectus
624 928 866 1011 Hipporieusis‚
897 931 1096 1012 postulantes
1129 952 1226 995 unam

275 1030 413 1094 filiarum
429 1030 512 1112 regis
533 1030 600 1092 filio
621 1030 834 1105 Marchionis,
849 1031 1104 1095 constantissime
1120 1053 1228 1115 repro·

276 1133 449 1208 mittentes,
462 1133 537 1216 quia
548 1131 811 1196 Cautuariensem
823 1132 1097 1217 archiepiscopum
1110 1134 1228 1219 deponi

276 1235 395 1298 iaciant
421 1234 497 1296 dum
521 1235 618 1297 modo
647 1233 747 1297 filiam
773 1235 905 1317 petitam
933 1235 1108 1300 obtineant
1153 1238 1228 1301 Rex

277 1338 337 1399 sub
352 1336 413 1398 hac
428 1354 484 1419 spe
500 1335 618 1399 direxit
635 1335 768 1398 nuntios
790 1356 866 1398 suos
886 1357 960 1399 cum
979 1337 1054 1413 illis,
1067 1340 1228 1405 Joannem

277 1435 401 1498 scilicet
423 1434 552 1514 Cumin,
575 1437 616 1500 R.
642 1434 681 1499 de
708 1433 929 1512 Tamewurda,
950 1446 982 1499 et
1005 1438 1165 1502 Joannem
1188 1439 1228 1504 de

278 1536 474 1613 Oxeuesord,
488 1538 520 1599 in
537 1559 631 1621 quem
648 1536 862 1619 depositionis
877 1559 898 1600 a
912 1536 1072 1601 decanatu
1093 1550 1142 1602 est
1164 1541 1230 1605 lata

279 1637 446 1714 sententia,
468 1647 500 1700 et
521 1638 636 1700 summi
660 1635 826 1720 pontificis
845 1638 1033 1701 auctoritate
1054 1649 1087 1701 et
1110 1639 1229 1722 scripto

278 1739 433 1800 roborata.
479 1737 640 1820 Scriptum
664 1759 738 1800 vero
765 1748 814 1800 est
839 1759 938 1821 penes
968 1737 1229 1802 cantuariensem

278 1839 557 1922 archiepiscopum
572 1838 739 1920 primatem
750 1839 931 1920 Angliae,et
944 1841 1128 1923 apostolicae
1145 1840 1231 1905 sedis

277 1942 430 2022 legatum,
443 1939 535 2022 cujus
546 1939 749 2017 sententiam,
761 1961 857 2023 quam
868 1941 941 2004 tulit
951 1942 985 2003 in
997 1941 1232 2025 depraedatores

279 2039 521 2104 Cantuariensis
535 2041 692 2116 ecclesiae,
706 2052 739 2104 et
752 2042 838 2121 regis
856 2043 1065 2120 consiliarios,
1081 2043 1233 2107 dominus

279 2161 365 2224 papa
388 2150 488 2201 ratam
514 2140 627 2202 habuit
649 2152 681 2204 et
706 2142 916 2218 confirmavit,
942 2155 974 2206 et
1003 2144 1044 2206 ab
1071 2145 1232 2229 episcopis

282 2240 461 2305 cismarinis
487 2249 519 2302 et
543 2243 761 2306 transmarinis
791 2244 946 2327 praecepit
975 2246 1145 2310 observari.
1190 2246 1233 2311 Ei

282 2363 420 2426 namque
437 2354 469 2405 et
483 2343 600 2423 legatio
617 2343 691 2408 data
706 2356 766 2422 est,
781 2357 814 2410 et
827 2347 980 2429 primatus
995 2348 1093 2412 totius
1108 2348 1233 2429 Angliae

283 2443 499 2508 confirmatus.
555 2445 692 2528 Scripsit
720 2467 816 2529 super
848 2449 918 2511 baec
952 2449 1174 2513 Londoniensi
1203 2460 1236 2513 et

283 2546 374 2610 vobis
397 2547 559 2623 omuibus,
588 2556 621 2609 et
646 2547 743 2610 credo
771 2547 857 2631 quod
880 2548 965 2611 idern
995 2550 1234 2614 londoniensis

277 2647 347 2731 jam
370 2647 490 2729 recepit
511 2647 631 2710 litteras
653 2647 824 2729 legationis
843 2647 933 2710 vobis
956 2648 1106 2712 omnibus
1127 2659 1235 2714 osten·

282 2748 415 2812 dandas.

328 2851 484 2913 Praeterea
494 2860 687 2913 memoratus
698 2849 959 2934 archiepiscopus
972 2861 1006 2913 et
1018 2850 1142 2930 legatus
1157 2870 1235 2934 spo·

284 2954 400 3017 stolica
413 2953 600 3016 auctoritate
612 2952 905 3016 excommunicarit
918 2963 951 3018 et
965 2951 1238 3016 excommunicari

280 3054 378 3138 jussit
394 3074 506 3116 omnes
529 3054 584 3137 qui
606 3063 718 3136 portus
740 3055 920 3130 observant,
941 3065 976 3118 ut
989 3052 1168 3138 impediant
1180 3074 1238 3135 ap·

286 3157 443 3239 pellentes
458 3156 507 3217 rel
526 3156 714 3239 appellatos,
729 3165 784 3218 aut
805 3137 847 3218 cx
868 3155 924 3238 pia
940 3154 1119 3219 devotionis
1141 3175 1240 3219 calma

287 3254 455 3319 tendentes
477 3253 517 3317 ad
541 3256 757 3338 apostolorum
781 3255 903 3335 limina,
918 3258 969 3319 vel
990 3255 1032 3319 ad
1054 3256 1161 3340 ipsum
1183 3255 1240 3339 qui

287 3356 376 3417 vices
395 3354 589 3437 apostolicas
610 3355 709 3418 habat
730 3364 762 3418 et
784 3355 859 3437 agit
902 3356 1060 3439 Praecepit
1081 3356 1189 3430 eham,
1204 3364 1241 3419 ut

288 3455 373 3519 hanc
385 3452 575 3518 sententiam
591 3455 661 3540 ejus
672 3455 793 3520 faciant
806 3477 919 3521 omnes
934 3455 1080 3540 episcopi
1093 3478 1151 3541 per
1164 3477 1240 3520 suas

289 3557 435 3620 dioceses
449 3557 615 3640 publicari.
652 3557 862 3622 Licetautcm
878 3558 1138 3642 appellationem,
1146 3578 1242 3642 quam

290 3657 441 3720 adversus
463 3679 537 3721 eum
559 3657 703 3722 fecerunt
724 3661 879 3744 episcopi,
900 3662 1018 3724 nullius
1040 3659 1149 3723 credat
1170 3678 1241 3721 esse

268 3806 271 3810 -
292 3759 461 3823 momenti:
485 3772 591 3823 tamen
609 3763 787 3844 oportebat,
803 3763 908 3847 utqui
930 3784 1000 3826 eam
1019 3762 1144 3845 aliquas
1158 3760 1242 3823 vires

290 3862 409 3925 babere
434 3861 615 3945 opinantur,
635 3874 745 3944 utpote
767 3884 837 3937 rex,
853 3864 1010 3948 episcopi,
1030 3872 1064 3926 et
1083 3881 1242 3946 proceres,

291 3974 449 4046 ponentes
471 3963 675 4045 prudentiam
697 3965 802 4029 carnis
823 3966 990 4030 brachium
1013 3986 1117 4040 suum,
1134 3962 1244 4027 omnia

292 4064 334 4127 ad
358 4064 637 4148 archiepiscopum
658 4066 860 4148 pertinentia,
875 4068 908 4129 in
931 4066 1045 4130 eodem
1067 4076 1153 4131 statu
1175 4088 1243 4132 esse

293 4166 530 4247 permitterent;
554 4166 630 4249 quia
645 4166 724 4229 nihil
745 4167 889 4231 innovari
910 4168 1007 4231 debet
1026 4168 1243 4252 appellatione

292 4265 467 4347 pendente.
512 4267 628 4330 Postea
641 4289 716 4331 vero
739 4267 779 4330 de
801 4268 952 4332 mandato
968 4270 1052 4350 regis
1066 4279 1180 4351 captus
1194 4280 1244 4333 est

294 4368 479 4431 Willelmus
510 4370 707 4451 capellanus,
732 4381 766 4432 st
795 4370 848 4431 alii
878 4370 996 4445 clerici,
1022 4380 1057 4433 ut
1083 4369 1122 4432 de
1151 4367 1243 4434 laicis
