3034 5500
407 753 467 814 llo
660 763 795 809 massis
810 759 1089 808 ssnesasnmusrs
1263 746 1307 828 [s.
1323 764 1350 812 n.

402 915 566 997 illustrari,
579 915 633 980 sed
649 913 862 1001 proculdubio
878 914 979 1000 majus
993 928 1042 978 est
1057 914 1188 979 eosdem
1202 917 1350 982 virtutum

402 1019 503 1085 titulis
526 1017 705 1104 promereri.
741 1016 837 1080 Unde
860 1015 917 1101 qui
942 1017 1070 1080 virtutis
1093 1031 1289 1104 assequutus
1309 1030 1351 1082 est

399 1122 559 1200 meritum,
575 1119 634 1182 etsi
649 1140 753 1183 rerum
777 1116 943 1202 opulentia
959 1117 1008 1180 vel
1024 1117 1127 1183 fastus
1151 1142 1215 1182 non
1232 1120 1353 1183 accedat

399 1218 539 1298 honoris,
554 1217 669 1282 collato
685 1231 791 1280 tamen
807 1216 893 1278 bono
909 1214 1003 1280 debet
1019 1239 1086 1281 esse
1103 1232 1296 1283 contentus:
1318 1243 1352 1284 ne

402 1322 428 1386 si
445 1319 638 1407 impatientis
653 1317 852 1381 conscientiae
868 1316 1009 1395 stimulo,
1021 1321 1116 1404 quasi
1132 1318 1263 1405 injuria,
1274 1345 1351 1385 mur-

401 1425 588 1498 muraverit,
605 1421 686 1483 vicio
707 1416 956 1503 ingratitudinis,
973 1419 1033 1482 hoc
1050 1421 1122 1506 ipso
1137 1422 1227 1508 quod
1245 1423 1352 1488 habere

401 1523 488 1588 risus
509 1536 557 1588 est
580 1545 612 1586 se
630 1520 740 1585 secisse
759 1519 905 1583 videatur
926 1519 1105 1603 indignum.
1153 1524 1200 1588 Et
1225 1525 1351 1601 utinam,

401 1623 427 1688 si
449 1624 629 1689 studiorum
653 1620 818 1706 praemium
840 1642 902 1684 non
926 1624 1138 1706 assequimur,
1160 1624 1272 1688 saltem
1296 1648 1351 1690 nou

399 1725 612 1791 destituamur
627 1736 657 1786 et
675 1721 795 1786 merito.
842 1721 913 1784 Non
938 1736 1042 1785 tamen
1063 1723 1133 1788 haec
1150 1725 1273 1789 idcirco
1287 1750 1352 1813 pro

401 1851 496 1915 pono,
522 1825 610 1912 quod
635 1848 655 1889 a
680 1823 762 1887 senis
785 1820 885 1888 nostri
907 1823 1086 1888 eruditione
1113 1826 1273 1904 recedam,
1296 1828 1353 1908 cui,

401 1929 541 1994 Domino
563 1927 710 2003 faciente,
739 1939 807 1990 tota
828 1924 993 2011 vigilantia
1017 1928 1132 1992 mentis
1158 1943 1192 1994 et
1218 1931 1353 2017 corporis

400 2028 684 2115 obtemperandum
702 2051 769 2091 esse
784 2027 931 2091 decrevi:
955 2027 1044 2112 quod
1059 2029 1351 2116 pusillanimitatem

399 2129 531 2216 spiritus
556 2128 718 2204 veremini,
745 2141 778 2190 et
810 2129 954 2192 timorem
983 2129 1103 2193 timetis
1126 2133 1351 2218 suspicionum,

399 2228 575 2317 prudenter
590 2228 720 2312 quidem
735 2228 841 2293 facitis
861 2243 893 2294 et
913 2229 1020 2294 amice.
1069 2233 1143 2296 Non
1159 2236 1245 2298 euim
1263 2237 1352 2299 Pom-

398 2328 481 2416 peio,
508 2341 564 2393 aut
591 2351 628 2391 eo
655 2327 711 2412 qui
738 2326 845 2414 ipsum
872 2329 958 2407 vicit,
985 2334 1097 2416 major,
1122 2349 1182 2399 aut
1205 2338 1353 2421 Augusto

399 2428 599 2516 prudentior,
630 2429 784 2494 Cicerone
820 2444 876 2494 aut
915 2431 1055 2497 Curione
1091 2433 1245 2500 disertior
1273 2461 1351 2514 sum,

398 2531 518 2618 quibus
532 2542 689 2617 quantum
714 2530 899 2615 suspicionis
914 2555 992 2597 aura
1012 2536 1170 2614 nocuerit,
1187 2561 1245 2602 vos
1259 2539 1352 2604 histo·

397 2634 518 2699 darum
540 2635 636 2698 series
659 2633 734 2698 trita
761 2631 937 2718 perdocuit.
990 2636 1098 2701 Taceo
1123 2640 1214 2724 quod
1242 2643 1353 2707 totiens

397 2735 549 2802 victorem
584 2734 797 2801 Machabeum
829 2750 902 2799 ante
932 2736 1061 2824 fregerit
1097 2741 1351 2828 pusillanimitas,

401 2863 499 2924 quam
515 2840 659 2926 gentium
676 2838 844 2903 fortitudo.
870 2839 966 2904 Unde
978 2857 1113 2922 constat,
1126 2846 1217 2930 quod
1228 2846 1350 2911 illorum

398 2942 554 3030 impetum
570 2966 589 3006 a
605 2964 653 3005 me
674 2941 829 3004 sustinere
851 2963 913 3004 non
938 2956 1061 3028 potero,
1079 2946 1139 3009 nisi
1158 2971 1208 3011 me
1228 2949 1350 3013 interim

398 3044 517 3121 foveat,
526 3044 582 3128 qui
596 3042 735 3128 protegit
748 3041 905 3106 hominem
919 3067 937 3107 a
951 3044 1216 3130 pusillanimitate
1226 3051 1352 3136 spiritus

397 3157 429 3208 et
452 3157 656 3230 tempestate:
688 3143 719 3205 in
745 3143 831 3208 illius
857 3159 965 3211 autem
990 3147 1109 3212 virtute
1134 3171 1198 3214 non
1223 3152 1350 3227 timebo,

398 3245 478 3330 quid
500 3245 640 3310 exterius
663 3244 786 3328 ingerat
811 3246 916 3324 homo,
939 3258 996 3311 aut
1017 3249 1152 3316 interius
1174 3268 1351 3319 murmuret

397 3370 479 3410 caro.
541 3347 700 3410 Caeterum
731 3370 836 3433 equus
872 3350 1048 3434 quamlibet
1079 3352 1174 3417 velox
1213 3370 1350 3421 cessante

398 3446 527 3512 stimulo
542 3446 578 3510 fit
595 3445 726 3524 tardior,
742 3462 775 3511 et
792 3461 827 3511 ut
845 3449 889 3513 ait
904 3450 1048 3536 quidam,

537 3639 642 3649 —-
654 3617 818 3682 corrumpunt
828 3614 884 3664 ocia
895 3622 1019 3679 mentem,

538 3695 573 3747 Et
584 3696 689 3766 capiunt
701 3697 792 3748 vitium
804 3699 830 3748 ni
843 3707 995 3753 moveantur
1005 3719 1095 3769 aquae:

395 3834 440 3897 sic
465 3846 497 3897 et
520 3854 609 3895 mens
638 3854 718 3907 mea,
743 3856 819 3918 quae
844 3835 892 3899 sui
918 3836 1011 3913 vicio,
1039 3860 1078 3902 ne
1103 3840 1206 3906 dicam
1227 3858 1349 3920 natura,

396 3934 492 3996 hebes
520 3950 579 4008 est,
606 3933 746 3996 innatam
778 3935 936 4020 ignaviam
968 3961 1030 4002 non
1058 3940 1210 4027 deponet,
1238 3945 1347 4009 sinon

394 4035 536 4099 crebrius
550 4034 808 4099 exhortationum
830 4037 948 4102 aculeis
968 4042 1138 4109 excitetur.
1184 4047 1260 4112 Erit
1275 4070 1347 4129 ergo

394 4133 1346 4226 industriaeetdiligentiaevestraefrequentiussomnolentiae

393 4258 472 4299 meae
487 4249 645 4320 torporem
669 4249 828 4319 excutere,
844 4255 880 4304 ut
904 4262 999 4325 quem
1024 4244 1064 4307 ad
1085 4246 1165 4310 bene
1187 4249 1344 4334 agendum

393 4357 455 4398 non
481 4335 619 4419 propria,
649 4336 759 4400 saltem
786 4339 888 4406 virtus
915 4343 1067 4409 accendat
1098 4348 1222 4413 aliena:
1254 4350 1285 4413 in
1310 4373 1346 4412 eo
