3034 5500
289 735 486 815 1159—an
685 754 864 799 nprsrona.
954 700 959 707 ²
1185 744 1244 802 157

285 903 409 991 poterit,
440 902 530 990 quod
561 902 658 989 aliqui
688 903 727 967 ad
757 926 814 967 vos
840 905 1059 990 confugientes
1088 907 1147 969 hoc
1177 907 1244 969 solo

286 1004 423 1068 remedio
438 1017 619 1070 eraserunt.
657 1006 732 1082 Vos,
743 1005 881 1088 qualiter
895 1009 998 1090 agatis
1012 1030 1083 1071 cum
1101 1006 1156 1083 eis,
1170 1030 1244 1091 pro·

285 1105 397 1183 videte,
426 1118 461 1168 et
492 1109 520 1171 si
552 1105 631 1190 quid
659 1106 690 1168 in
721 1107 824 1169 causis
853 1129 961 1170 eorum
989 1110 1080 1173 nobis
1109 1109 1244 1172 debetur

283 1207 421 1285 honoris,
438 1220 539 1294 prout
555 1207 723 1293 placuerit,
740 1217 909 1272 reservate.

457 1521 678 1587 EPISTOLA
701 1521 900 1586 CVIl.—.tn
917 1542 1069 1586 annonas.

530 1690 670 1753 Domino
685 1692 788 1774 Papoe
803 1691 998 1754 Aleaondro.

323 1824 564 1887 Nonwrcnnsm
580 1823 832 1894 archidiaconus,
849 1825 898 1887 vir
914 1822 1045 1901 malitia,
1061 1821 1240 1900 dolositate,

281 1937 310 1988 et
332 1938 402 1990 arte
425 1925 598 1988 mentiendi
621 1926 812 2011 conspicuus
835 1946 966 2009 regnum
992 1939 1133 1990 nostrum
1157 1946 1241 2011 prae·

281 2027 375 2090 terita
398 2038 510 2090 aestate
532 2026 713 2090 rumoribus
734 2027 800 2089 suis
822 2027 991 2107 concussit,
1013 2039 1045 2090 et
1072 2030 1242 2113 optimates

280 2127 368 2210 regni
380 2126 535 2190 adversus
547 2126 655 2189 fideles
667 2140 799 2204 vestros,
814 2127 877 2190 imo
889 2127 1048 2191 ecclesiam
1064 2128 1123 2191 Dei
1136 2128 1240 2212 gravi-

280 2240 329 2291 ter
343 2229 527 2303 concitavit,
544 2229 642 2311 vulgo
658 2228 777 2303 dicens,
794 2230 825 2291 in
842 2231 1026 2314 episcopatu
1045 2228 1240 2294 Norwicensi

281 2352 313 2393 se
339 2352 360 2391 a
385 2329 478 2392 vobis
504 2330 536 2390 in
564 2328 714 2413 Angliam
740 2328 945 2404 destinatum,
970 2342 1005 2393 ut
1034 2354 1052 2394 a
1077 2329 1239 2393 Willelmo

279 2431 395 2495 comite
424 2431 596 2493 Warennae
626 2429 693 2494 filio
723 2430 808 2514 regis
839 2431 992 2515 Stephani
1024 2451 1084 2496 ncc
1115 2416 1236 2494 marcas

280 2534 445 2616 reciperet,
461 2554 542 2616 quas
557 2554 616 2617 pro
633 2531 802 2596 audiendis
818 2528 1026 2618 petitionibus
1048 2532 1114 2598 suis
1128 2546 1238 2597 contra

280 2654 388 2717 regem
405 2632 494 2695 vobis
508 2633 663 2718 praeiatus
679 2654 784 2696 comes
799 2632 935 2696 debebat
951 2630 1148 2717 appendere:
1178 2633 1238 2696 sub

278 2732 339 2797 hac
362 2732 575 2798 excusationis
595 2732 743 2818 imagine,
759 2756 799 2796 ne
819 2734 851 2796 in
870 2734 926 2819 jus
949 2733 1126 2797 traheretur
1143 2733 1240 2818 juxta

279 2835 467 2900 mandatum
503 2848 643 2899 vestrum
679 2857 698 2897 a
727 2834 857 2898 domino
892 2833 1087 2897 Nornicensi
1123 2832 1239 2917 saepius

279 2937 477 3021 impetravit,
493 2950 524 3001 et
546 2958 673 2999 causam
689 2958 765 3021 quae
780 2934 862 2997 inter
884 2934 988 3018 ipsum
1004 2944 1036 2996 et
1051 2923 1238 3017 magistrum

279 3037 481 3101 Willelmum
497 3037 646 3100 clericum
666 3035 785 3099 domini
803 3034 1040 3100 Cantuariensis
1055 3034 1239 3098 vertebatur

280 3159 377 3224 super
397 3137 526 3201 ecclesia
550 3136 590 3200 de
614 3136 804 3208 Alvestona,
822 3133 944 3199 diutius
964 3133 1100 3199 distulit.
1138 3139 1240 3199 Bene·

279 3238 353 3302 ficio
368 3250 472 3302 tamen
491 3237 670 3301 litterarum
688 3250 876 3314 vestrarum,
890 3233 1033 3300 dictante
1050 3235 1190 3321 justitia,
1206 3237 1239 3301 in

280 3339 365 3404 facie
386 3338 525 3403 ecclesiae
549 3336 686 3401 Norwic.
714 3360 772 3423 per
797 3336 997 3422 praesentiam
1019 3337 1170 3422 episcopi,
1189 3338 1240 3400 cui

277 3463 407 3507 causam
433 3439 670 3518 commiseratis,
696 3440 817 3525 absque
849 3438 990 3503 remedio
1018 3438 1240 3525 appellationis

277 3543 362 3606 infra
388 3546 612 3628 praescriptum
640 3544 810 3606 terminum
838 3539 1021 3618 finiendam,
1047 3541 1079 3603 in
1106 3564 1143 3604 ea
1168 3564 1240 3627 pro-

277 3658 397 3709 stratus
419 3658 478 3719 est,
494 3659 525 3708 et
548 3666 567 3706 a
584 3643 741 3728 jamdicta
763 3641 895 3705 ecclesia
915 3643 1067 3728 dejectus.
1113 3642 1148 3707 Si
1164 3664 1239 3726 ergo

276 3769 407 3810 causam
425 3745 566 3829 iniquam
585 3767 732 3830 reparare
754 3745 937 3821 tentaverit,
953 3766 1016 3808 non
1037 3745 1127 3808 decet
1147 3745 1238 3808 boni·

277 3860 376 3911 tatem
405 3859 554 3920 vestram,
578 3858 615 3908 ut
641 3844 741 3930 ipsius
765 3867 884 3930 preces,
909 3867 946 3907 ne
974 3843 1074 3907 dicam
1098 3841 1238 3907 fallacias

276 3947 468 4024 admittatis,
484 3946 539 4010 sed
554 3949 662 4032 potius
678 3945 831 4031 puniatis,
844 3945 933 4031 quod
950 3968 982 4008 se
998 3957 1235 4030 procuratorem

277 4062 435 4127 vestrum,
456 4061 489 4110 et
515 4059 672 4130 gestorem
697 4045 895 4129 negotiorum
923 4044 1075 4108 mentitus
1100 4056 1159 4122 est,
1181 4054 1237 4104 aut

276 4151 385 4236 inepte
406 4146 572 4232 gloriatus.
618 4146 703 4211 Male
726 4146 808 4209 enim
833 4146 939 4209 sonuit
961 4145 993 4208 in
1017 4143 1149 4207 auribus
1169 4164 1238 4205 om·

273 4255 365 4317 nium
382 4248 532 4331 gloriatio
543 4248 620 4332 ejus.
