3034 5500
297 762 357 820 lu
550 772 686 817 sonuum
701 775 977 820 sanassenrsusrs
1155 760 1199 839 [a.
1214 779 1241 822 a.

293 930 474 990 Autumnus
493 938 598 995 exeat,
621 926 764 990 visitabo.
797 931 847 991 De
869 925 1075 1004 liberalitate,
1100 926 1241 1014 quamin

290 1026 418 1090 fratrem
436 1048 539 1091 meum
555 1026 754 1107 exercuistis,
767 1051 849 1113 quas
863 1051 1008 1114 possum,
1024 1028 1119 1094 robis
1133 1031 1242 1114 gratias

290 1128 402 1190 resero.
447 1127 655 1191 Carissimum
671 1140 779 1192 autem
796 1143 953 1207 nostrum,
971 1133 1026 1208 Τ.,
1041 1130 1241 1217 prepositum

291 1241 445 1307 vestrum,
461 1229 587 1292 nomine
607 1252 678 1293 meo
697 1230 912 1315 persalutate;
944 1231 996 1297 his
1014 1253 1150 1318 quoque
1170 1231 1244 1296 salu·

288 1329 363 1394 tatis
381 1334 438 1416 qui
454 1353 510 1393 vus
530 1330 680 1415 diligunt,
695 1345 730 1396 et
745 1355 795 1396 me
816 1344 985 1408 noverunt,
1000 1357 1085 1419 quos
1108 1331 1168 1398 etsi
1186 1355 1239 1396 uon

286 1444 384 1496 cartae
398 1432 550 1506 brevitas,
565 1431 680 1498 mentis
696 1446 801 1498 tamen
816 1433 1044 1520 complectitur
1060 1433 1209 1501 latitudo.

314 1855 538 1933 EPISTOLA
561 1853 789 1917 XCV11.—an
805 1871 957 1916 uuuuau.
984 1852 1033 1933 [s.
1051 1875 1083 1919 u.
1106 1858 1211 1938 ilat]

660 2013 714 2075 Ad
727 2012 872 2075 eundem.

329 2148 369 2208 Iu
384 2144 524 2208 adventu
542 2143 645 2207 nuntii
671 2143 766 2206 vestri
782 2143 822 2206 ad
839 2166 896 2206 uos
916 2145 1110 2210 serenissimi
1125 2147 1238 2213 domini

283 2250 383 2311 nostri
399 2250 484 2330 regis
496 2246 686 2330 Auglorum,
698 2250 757 2331 qui
773 2245 813 2308 ad
830 2246 975 2331 Alpinos,
986 2260 1020 2310 et
1038 2249 1240 2336 sub-Alpinos

284 2348 432 2412 Britoues
457 2345 619 2432 profectus
647 2359 695 2410 est
722 2348 966 2432 expugnandos,
994 2350 1162 2433 expeditio
1189 2373 1239 2416 not

283 2450 411 2514 tenebat
433 2461 604 2534 occupatos
626 2447 758 2533 quidem
782 2449 881 2514 totius
904 2450 995 2534 regui
1018 2454 1171 2534 negotiis,
1186 2453 1236 2517 sed

283 2550 443 2638 proecipue
460 2548 610 2613 sollicitos
630 2551 661 2614 in
677 2548 822 2612 custodia
837 2549 971 2615 illustris
989 2555 1111 2634 reginae
1126 2554 1239 2639 Anglo

282 2676 355 2718 rum
381 2667 413 2718 et
436 2653 606 2716 liberorum
631 2650 750 2715 domini
776 2651 870 2735 regis,
895 2652 952 2737 qui
978 2654 1143 2720 commissi
1166 2669 1236 2720 suot

282 2757 358 2823 fidei
383 2756 503 2820 domini
527 2754 776 2829 cantuariensis,
800 2777 818 2816 a
843 2756 937 2839 cujus
961 2777 1024 2841 ego
1051 2755 1152 2821 latere
1176 2781 1235 2822 non

282 2856 414 2921 recedo:
442 2854 516 2919 inde
533 2852 644 2939 utique
664 2865 702 2916 ut
721 2851 924 2915 eminentiam
947 2867 1088 2919 vestram
1111 2878 1169 2920 nec
1183 2879 1236 2943 per

280 2959 433 3023 nuncium
449 2978 554 3023 meum
572 2969 635 3020 tam
651 2954 715 3018 cito
729 2957 888 3040 potuerim
906 2955 1045 3021 visitare.
1078 2959 1236 3025 Caeterum

280 3061 361 3147 quid
380 3060 498 3124 doloris
520 3072 552 3122 et
574 3057 718 3121 moeroris
740 3056 855 3120 auimae
876 3080 956 3122 meae
978 3058 1114 3125 nuntius
1136 3075 1237 3127 vester

279 3159 434 3239 attulerit,
450 3158 588 3246 prudens
602 3171 633 3221 et
650 3157 749 3221 sciens
765 3171 865 3235 taceo,
879 3180 931 3230 ne,
946 3158 971 3222 si
987 3182 1085 3246 super
1098 3160 1237 3227 dolorem

279 3258 446 3322 vulneram
459 3271 647 3332 vestrorum,
658 3279 763 3321 meum
774 3280 903 3343 quoque
912 3258 1080 3341 addidero,
1092 3261 1235 3347 ampliori

279 3358 410 3424 tristitia
420 3357 662 3434 absorbeamini,
675 3381 778 3444 quum
791 3359 897 3423 saucia
908 3383 996 3425 meus
1007 3363 1236 3440 recordatione,

279 3460 395 3524 nedum
412 3459 619 3524 inundatione
638 3460 778 3524 tristium
801 3460 977 3526 exulcerari
998 3462 1100 3528 soleat
1120 3466 1237 3552 potius,

277 3587 375 3652 quam
390 3562 502 3629 foveri.
540 3562 702 3627 Malorum
719 3562 852 3650 quidem
868 3564 1168 3653 meminissejuvat,
1182 3567 1235 3633 red

277 3690 378 3755 quum
395 3666 618 3753 praeterierint,
629 3681 705 3730 tunc
721 3666 850 3729 demum
861 3665 964 3753 placet
980 3666 1081 3732 fuisse
1095 3683 1234 3755 prostra-

277 3767 814 3855 tum,quumsortiorpraevalueris.
831 3766 988 3831 Miserum
999 3770 1234 3855 quoquesuisae

270 3868 454 3955 jucundum
470 3881 531 3943 est,
547 3868 601 3930 sed
613 3867 681 3952 jam
697 3865 738 3929 de
750 3863 903 3930 felicitate
913 3866 1081 3949 gaudenti.
1115 3870 1178 3950 Sic,
1190 3870 1232 3934 sic

275 3970 442 4036 infortunii
451 3983 544 4055 grata
552 3982 600 4033 est
612 3967 799 4044 recordatio,
810 3966 865 4031 sed
876 3990 975 4053 quum
985 3968 1027 4033 de
1036 3968 1178 4035 sortunae
1188 3970 1233 4035 iu·

270 4069 359 4155 juria
375 4070 591 4158 triumpharis.
633 4070 712 4147 Quis
727 4070 845 4133 aedium
862 4092 995 4135 suarum
1010 4070 1137 4137 ruinam
1154 4072 1231 4138 lactis

275 4172 375 4237 oculis
387 4174 521 4259 aspicit?
544 4172 617 4257 quis
628 4172 744 4236 domus
754 4195 821 4237 suoe
833 4170 1000 4259 flagrantis
1011 4189 1070 4239 aut
1082 4176 1231 4242 fumantis

274 4274 418 4338 incendia
428 4274 528 4340 libens
538 4274 703 4340 intuetur?
726 4275 876 4350 Proinde,
888 4274 1227 4357 micarissime‚atauti

275 4377 418 4439 moeroris
427 4379 577 4440 memoria
585 4378 725 4440 animum
733 4376 852 4462 pariter
861 4376 1027 4464 paululum
1038 4394 1227 4458 avertamur,
