3034 5500
279 734 488 810 1159-64]
682 750 859 795 amaroon.
1180 740 1240 800 lor

274 925 356 987 copo
378 918 498 968 restrae
518 901 675 987 majestati
696 902 885 988 supplicare,
906 916 942 967 ut
963 903 1184 970 vexationibus
1207 918 1239 969 et

276 1003 403 1090 injuriis
417 1028 502 1090 quas
517 1004 546 1068 ei
562 1003 771 1068 Wacbelinus
786 1003 1026 1068 archidiaconus
1046 1005 1238 1070 incessanter

276 1106 455 1184 continuat,
471 1107 566 1170 finem
586 1105 730 1170 debitum
753 1107 872 1192 imponi
893 1107 1096 1193 praecipiatis.
1141 1109 1236 1187 Quod

274 1231 372 1294 quam
397 1233 525 1274 necesse
548 1207 600 1284 sit,
621 1222 734 1271 vestrae
754 1206 926 1272 sinceritati
947 1209 1142 1274 innotescere
1161 1235 1238 1297 pro·

276 1311 473 1388 curavimus,
494 1310 675 1396 iniquitatis
694 1309 768 1373 odio
788 1324 819 1375 et
840 1310 1073 1376 abominatione
1096 1314 1236 1379 scandali

279 1413 401 1496 potius,
429 1435 528 1499 quam
554 1414 664 1498 aliquo
694 1434 899 1497 personarum
925 1411 1056 1477 intuitu.
1101 1416 1236 1479 Factum

277 1526 325 1577 est
341 1511 503 1598 siquidem
518 1510 692 1579 Londoniis
706 1533 809 1597 nuper
830 1533 928 1597 quum
949 1525 1141 1577 conventum
1156 1514 1236 1577 cele·

278 1615 456 1694 braremus,
470 1614 673 1699 exigentibus
687 1613 881 1699 quibusdam
898 1614 1148 1694 necessitatibus,
1154 1617 1237 1701 jam-

278 1715 390 1780 dictus
409 1716 578 1803 episcopus
597 1714 809 1779 venerabilem
830 1715 961 1779 fratrem
985 1730 1129 1780 nostrum
1151 1721 1236 1782 Lon·

277 1813 463 1880 doniensem
486 1816 682 1902 episcopum,
703 1815 756 1878 cui
779 1813 939 1890 videlicet,
963 1830 994 1879 et
1018 1816 1237 1901 Wigorniensi

276 1917 429 2004 episcopo
453 1916 665 2002 cognitionem
692 1916 911 1991 accusationis,
935 1939 1001 2002 qua
1028 1918 1238 1984 Wachelinus

278 2020 460 2106 impetitur,
489 2019 668 2103 delegastis,
699 2016 871 2081 miserabili
908 2017 1078 2082 admodum
1115 2020 1236 2106 suppli-

277 2123 403 2187 catione
418 2124 577 2197 convenit,
594 2134 630 2185 ut
647 2119 756 2184 saltem
773 2142 810 2182 ea
829 2119 892 2196 die,
908 2143 982 2206 quae
1000 2120 1027 2183 ei
1045 2135 1122 2185 tunc
1142 2124 1237 2189 tertia

277 2224 384 2288 fuerat
398 2223 875 2310 peremptoriaconstituta,post
886 2224 1012 2298 multas,
1021 2225 1234 2291 etmultorum

277 2326 437 2391 bonorum
466 2326 604 2389 virorum
634 2325 819 2388 vexationes
849 2326 918 2410 ejus
948 2326 1131 2392 admitteret
1162 2351 1234 2413 pro·

279 2431 437 2510 bationes,
458 2428 546 2515 quod
564 2428 719 2514 jamdicto
739 2427 958 2491 archidiacono
975 2430 1072 2514 juxta
1094 2432 1236 2496 mandati

279 2530 377 2594 vestri
396 2530 530 2594 formam
552 2528 658 2592 ablata
678 2527 878 2606 restituisset,
902 2529 949 2591 vel
968 2530 1126 2614 justitiam
1147 2530 1236 2595 exhi-

280 2633 413 2711 buisset,
441 2631 501 2696 nisi
530 2632 562 2695 in
592 2631 741 2694 omnibus
775 2652 832 2715 per
865 2631 970 2716 ipsum
1008 2633 1235 2699 Wachelinum

279 2733 429 2800 stetisset.
474 2733 698 2820 Produxitque
720 2734 752 2797 in
780 2733 919 2797 medium
943 2734 1066 2820 copiam
1091 2736 1232 2801 virorum

278 2837 514 2921 religiosorum,
543 2836 707 2915 abbatum,
740 2834 1046 2911 archidiaconorum,
1079 2838 1236 2922 priorum,

277 2955 310 3005 et
335 2940 533 3019 clericorum,
559 2963 667 3004 eorum
698 2939 890 3014 testimonio,
914 2939 1002 3025 quod
1029 2939 1235 3024 allegaverat,

279 3044 485 3130 probaturus.
530 3045 754 3107 Processerunt
776 3053 808 3105 et
831 3040 884 3104 alii
904 3041 1110 3127 quamplures
1128 3040 1236 3109 itlaesae

278 3147 440 3234 opinionis
455 3146 527 3221 viri,
543 3147 601 3231 qui
620 3168 726 3209 amore
741 3142 889 3231 justitiae,
905 3156 937 3207 et
960 3144 1000 3207 ad
1017 3143 1235 3210 confusionem

278 3248 458 3335 iniquitatis
486 3247 633 3311 dicebant
663 3269 695 3310 se
726 3258 853 3331 paratos
882 3266 947 3309 esse
977 3246 1123 3332 probare,
1147 3248 1235 3332 quod

277 3351 489 3438 sepedictum
511 3348 767 3413 archidiaconum
787 3346 965 3424 audierant,
981 3348 1131 3414 offerente
1153 3351 1234 3437 epis·

279 3476 372 3541 copo,
388 3452 601 3517 remissionem
622 3451 763 3515 omniurn
786 3451 1023 3516 restitutionum
1046 3474 1128 3537 quas
1143 3476 1234 3540 repo·

279 3556 401 3631 scebat,
421 3568 453 3618 et
475 3554 607 3641 insuper
628 3553 669 3617 de
690 3552 819 3639 proprio
841 3552 873 3616 lx
895 3576 1015 3618 marcas
1037 3556 1173 3639 argenti,
1197 3580 1235 3622 ea

280 3656 463 3722 conditione
479 3669 515 3720 ut
530 3654 557 3717 ei
573 3654 804 3719 absolutionem
821 3652 988 3717 criminum
1004 3677 1133 3718 suorum
1149 3655 1234 3720 idem

279 3761 448 3847 episcopus
463 3757 656 3842 impetraret,
668 3768 700 3821 et
714 3755 896 3841 episcopum
910 3755 1103 3842 repudiasse,
1117 3759 1234 3841 partim

281 3864 354 3951 quia
366 3884 429 3925 non
441 3873 577 3946 poterat,
588 3862 702 3944 partim
720 3882 757 3922 ne
769 3858 869 3922 rideri
885 3872 990 3944 posset
1002 3881 1061 3946 pro
1073 3872 1235 3925 tantorum

280 3965 447 4030 criminum
472 3961 689 4047 redemptione
711 3983 833 4024 marcas
854 3962 1018 4046 recepisse.
1055 3965 1093 4026 ln
1115 3962 1236 4046 quibus

281 4091 379 4157 quum
398 4066 538 4130 universi
557 4076 622 4127 tam
642 4063 746 4127 clerici
768 4085 864 4148 quam
888 4062 971 4135 laici,
988 4085 1085 4149 supra
1104 4064 1236 4129 modum

280 4170 575 4236 scandalisarentur.
621 4163 828 4231 Dissimulare
850 4187 912 4227 non
932 4164 1039 4250 potuit
1059 4188 1115 4228 nec
1134 4166 1236 4233 voluit

280 4273 429 4339 dominus
461 4271 569 4334 Lond.
601 4268 770 4354 praedictas
799 4266 1002 4354 probationes
1032 4280 1108 4331 tunc
1140 4271 1235 4332 tertio

282 4377 456 4460 productas
481 4372 590 4447 fuisse,
617 4371 671 4435 sed
698 4369 843 4434 Wachel.
873 4370 961 4432 nulla
991 4368 1086 4432 trium
1114 4367 1237 4432 citatio-
