3034 5500
277 745 342 803 828
536 752 672 799 roauurs
686 750 973 796 aaassnsamusrs
1145 731 1191 811 [a
1207 748 1235 792 r.

281 907 484 988 crucifigunt,
506 905 676 987 perhibent
699 905 842 969 moribus
867 899 1091 966 testimonium
1121 901 1233 964 certius

283 1021 315 1074 et
335 1009 436 1092 majus
457 1006 615 1070 Jobanue.
661 1007 751 1070 Bene
769 1017 875 1069 tamen
899 1005 1006 1084 agitur
1028 1025 1104 1066 cum
1120 1012 1235 1066 nostra·

282 1112 378 1186 tibus,
392 1119 425 1171 et
439 1108 546 1170 mitius
561 1116 716 1170 tractatur
731 1105 778 1169 ibi
796 1108 818 1170 J
819 1127 909 1169 esus:
935 1105 962 1168 si
976 1117 1088 1168 tamen
1104 1124 1178 1167 vera
1192 1111 1236 1166 est

283 1210 452 1282 attestatio,
480 1229 574 1292 quam
601 1207 635 1270 in
661 1209 879 1292 appellatoriis
905 1208 983 1285 suis,
1009 1227 1091 1291 quas
1121 1206 1238 1282 dicunt,

283 1332 386 1394 nuper
408 1308 576 1373 ediderunt
597 1310 761 1394 principes
782 1307 994 1387 sacerdotum,
1016 1307 1237 1392 praedicantes,

284 1413 473 1487 scribentes,
485 1418 518 1474 et
532 1409 573 1472 ad
585 1410 736 1494 majorem
749 1411 971 1474 auctoritatem
980 1409 1164 1473 assertionis
1175 1430 1237 1470 sua

286 1509 399 1595 sigillis
424 1510 569 1595 pluribus
592 1520 755 1594 patentem
780 1510 971 1594 scripturam
1000 1511 1237 1590 consignantes,

288 1615 366 1698 quia
391 1613 538 1676 domiuus
566 1633 623 1675 rex
643 1611 773 1676 “dulce
799 1623 892 1696 putat
916 1611 1120 1695 obsequium,
1142 1632 1236 1695 quum

288 1726 436 1778 monetur
457 1725 492 1780 ut
513 1713 649 1795 corrigat
664 1715 690 1777 si
706 1713 785 1796 quid
807 1713 977 1798 deliquerit
995 1714 1031 1776 in
1051 1713 1187 1790 Deum‚”
1198 1712 1237 1774 ad

288 1817 422 1880 sormam
439 1814 575 1900 justitiae
590 1813 800 1879 libentissime
823 1815 1060 1878 satisfacturus:
1084 1817 1104 1848 “
1121 1812 1238 1897 siquid

291 1920 488 2004 deliquerit‚”
511 1919 661 2002 inquiunt
689 1919 842 1981 malornm
871 1918 1043 2000 inexperti,
1068 1929 1102 1981 ot
1128 1919 1238 2001 quibus

289 2020 431 2083 noudum
453 2030 576 2083 certum
596 2028 645 2082 est
666 2041 739 2091 eum
759 2030 869 2082 contra
887 2019 1063 2083 Dominum
1084 2018 1120 2083 in
1134 2019 1236 2101 aliquo

292 2122 477 2204 deliquisse,
499 2131 555 2183 aut
576 2120 736 2202 condigna
759 2120 975 2184 satisfactione
997 2142 1064 2184 non
1092 2140 1238 2203 purgasse

290 2222 451 2284 delictum.
499 2222 597 2298 Bene,
618 2222 758 2304 iuquam,
781 2244 854 2285 cum
875 2224 922 2286 eis
943 2224 1057 2305 agitur,
1079 2224 1108 2285 si
1129 2221 1237 2306 pradi-

290 2322 411 2385 cationi
441 2334 473 2384 et
502 2322 700 2385 attestationi
727 2344 837 2387 eorum
864 2326 977 2388 veritas
1002 2326 1125 2388 subest.
1180 2323 1240 2388 Sed

288 2422 408 2507 quidsi
424 2424 551 2506 pariter,
567 2423 655 2506 quod
675 2422 825 2489 dominus
846 2449 932 2510 papa
953 2426 1043 2505 dicit,
1058 2439 1091 2492 et
1106 2429 1239 2491 ecclesia

289 2527 437 2589 Romana
457 2526 617 2607 cognovit,
632 2526 663 2588 in
681 2528 802 2611 scripto
823 2528 909 2612 quod
931 2529 1009 2592 illuc
1025 2530 1239 2593 transmissum

291 2640 351 2706 cst,
380 2625 599 2692 mentiuntur?
639 2630 715 2692 Nou
746 2641 795 2693 est
824 2629 864 2692 de
891 2641 1017 2708 caetero,
1041 2629 1159 2694 dilecte
1188 2631 1240 2707 mi,

291 2731 378 2816 quod
403 2741 583 2816 querantur,
613 2727 687 2817 quia
717 2731 778 2797 hoc
809 2731 908 2810 dulci,
937 2731 1025 2817 quod
1055 2732 1240 2816 praedicant,

290 2834 499 2916 correptionis
532 2834 685 2917 obsequio
715 2855 734 2896 a
763 2855 836 2915 rege
867 2832 1018 2918 quicquid
1055 2855 1182 2918 aequum
1211 2846 1241 2896 et

291 2937 412 2997 bonum
426 2934 530 3007 fuerit,
545 2945 695 3018 poterunt
714 2936 899 3020 impetrare:
924 2957 987 3000 non
1003 2947 1053 2999 est
1069 2937 1110 3000 de
1126 2948 1239 3001 oaetero

290 3036 378 3121 quod
394 3037 441 3100 eis
456 3038 625 3121 quisquam
648 3038 789 3121 compati
812 3036 939 3115 debeat,
953 3038 1009 3121 qui
1030 3048 1120 3102 tanta
1140 3038 1238 3101 facili·

291 3149 357 3202 tate
387 3150 524 3222 possunt
548 3140 722 3222 procellam
752 3140 928 3223 quamlibet
957 3141 990 3201 in
1020 3161 1129 3203 auram
1155 3161 1239 3203 com·

290 3250 422 3303 mutare.
468 3240 533 3303 Sed
556 3241 651 3304 nobis
674 3244 771 3323 longe
794 3242 857 3305 alia
875 3263 967 3304 mens
991 3252 1050 3319 est,
1072 3242 1129 3326 qui
1154 3239 1238 3304 alind

292 3342 486 3424 experimur,
501 3353 534 3406 ot
556 3343 677 3407 utinam
693 3344 880 3426 praedicatio
895 3364 1003 3406 eorum
1019 3345 1053 3406 in
1068 3344 1164 3407 nobis
1185 3342 1239 3404 im·

290 3443 430 3524 pleretur
445 3454 476 3504 et
486 3444 551 3506 illis
563 3444 687 3507 interim
701 3446 921 3527 praeelegimus
931 3446 1076 3529 rapinam
1088 3447 1238 3509 bonorum

290 3540 444 3602 sustinere
460 3540 492 3600 in
508 3541 672 3621 patientia,
687 3554 718 3606 et
735 3554 907 3626 expectare
922 3545 976 3626 qui
992 3544 1113 3608 auferat
1127 3543 1239 3626 iniqui·

291 3650 386 3703 tatem
405 3659 423 3699 a
443 3637 558 3715 Jacob,
579 3648 611 3701 et
629 3641 827 3724 impietatem
850 3646 891 3708 ab
914 3646 1027 3722 Israel,
1048 3666 1143 3729 quam
1166 3665 1237 3708 cunr

291 3742 342 3804 his
362 3741 417 3824 qui
438 3748 655 3803 convenerunt
669 3741 821 3807 adversus
837 3744 1014 3808 Dominum
1036 3757 1070 3809 et
1091 3745 1240 3810 adversus

289 3842 459 3905 ecclesiam
489 3840 559 3923 ejus
595 3842 869 3925 conspiraverunt,
906 3845 1084 3929 iniquitatis
1120 3868 1238 3929 ponere

289 3937 479 4019 portionem,
494 3948 526 3999 et
540 3936 655 4001 divinae
678 3940 743 4021 legi
757 3942 914 4005 bonorum
930 3943 1154 4026 temporalium
1169 3944 1240 4006 flos·

290 4039 380 4101 culos
403 4040 566 4102 anteferre.
611 4040 677 4104 Sed
700 4042 776 4106 finis
797 4044 946 4107 chartulae
968 4047 1010 4108 sit
1033 4060 1066 4109 et
1088 4047 1186 4123 verbi,
1208 4058 1240 4109 ut

289 4141 484 4223 ubicumque
499 4143 642 4207 locorum
660 4144 731 4223 sim,
747 4167 797 4209 mc
813 4146 937 4209 noveris
953 4160 1042 4211 tuum
1058 4169 1141 4213 esse.
1180 4150 1206 4209 V
1209 4170 1239 4211 a·

288 4246 361 4320 lete.
