3034 5500
284 765 326 826 92
542 776 678 824 scaurus
695 775 975 822 sanassumnusrs
1145 758 1186 839 [a.
1203 774 1229 820 n.

282 929 411 995 dinibus
421 954 489 996 esse
498 945 672 995 contentos.
697 930 787 992 Sicut
799 943 904 993 autem
922 928 1040 991 iterata
1050 927 1230 991 clericorum

282 1031 322 1095 de
351 1031 518 1096 Dorbisria
545 1029 750 1095 lacrimabilis
780 1029 897 1093 indicat
931 1027 1146 1115 querimonia,
1170 1030 1230 1116 jam

281 1132 386 1197 dictus
409 1132 534 1196 Alanus
553 1131 739 1196 mandatum
760 1144 903 1196 nostrum
929 1129 985 1195 din
1012 1130 1231 1195 fraudulenter

203 1313 210 1327 ·
281 1234 467 1322 suppressit,
481 1234 582 1299 donec
604 1235 671 1317 ipse
688 1246 720 1298 et
740 1233 911 1317 complices
932 1232 983 1295 sui
1006 1255 1098 1297 suam
1121 1230 1152 1295 in
1175 1231 1233 1296 dis

280 1335 437 1423 positione
451 1358 630 1423 pauperum
644 1335 809 1422 potuerint
824 1333 967 1420 explesse
982 1334 1189 1421 pravitatem,
1204 1351 1233 1398 et

280 1439 371 1525 quasi
400 1460 455 1502 eos
483 1437 524 1502 ad
553 1437 690 1502 vetitum
718 1450 827 1501 nostra
852 1435 1030 1523 prohibitio
1054 1440 1232 1511 animasset,

280 1539 466 1605 imminente
481 1539 677 1604 solemnitate
694 1538 839 1603 Paschali
857 1537 1049 1617 sacerdotes,
1061 1538 1183 1624 quibus
1196 1561 1231 1603 ex

280 1642 467 1707 necessitate
496 1642 682 1706 sacramenti
712 1663 837 1706 sacrum
868 1640 1009 1704 chrisma
1039 1642 1149 1705 deesse
1173 1663 1231 1705 non

281 1758 420 1831 poterat,
439 1744 521 1810 illud
543 1767 647 1810 emere
666 1744 901 1829 compulerunt.
947 1743 1043 1819 Quod
1068 1766 1167 1829 quam
1195 1744 1232 1809 sit

282 1845 379 1910 sacris
400 1846 572 1912 canonibus
591 1846 761 1911 adversum
782 1844 885 1909 fidelis
907 1846 998 1910 novit
1018 1844 1161 1926 ecclesia,
1180 1870 1233 1910 nec

280 1948 340 2033 ipsi
357 1960 504 2033 poterant
518 1949 675 2033 ignorare,
685 1969 787 2034 quum
802 1960 925 2012 constet
940 1960 1059 2012 sanctae
1075 1949 1233 2013 memoria

282 2050 461 2114 Gauternm
477 2049 659 2135 episcopum
676 2062 813 2114 vestrum
831 2049 890 2114 hac
905 2048 1120 2115 venditionem
1137 2049 1232 2113 chris·

281 2151 375 2215 matis
388 2150 476 2236 apud
493 2174 549 2215 vos
570 2152 805 2227 condemnasse,
821 2168 853 2217 et
870 2152 930 2216 rub
945 2151 1150 2216 anathemate
1163 2176 1233 2239 pro

281 2253 436 2328 hibuisse,
452 2277 491 2318 ue
507 2253 639 2319 ulterius
658 2253 857 2318 distrahatur
879 2254 920 2319 ad
941 2253 1091 2340 pretium.
1138 2254 1232 2318 Unde

282 2354 410 2442 qnidam
441 2354 481 2419 ad
510 2378 569 2421 nos
592 2356 754 2421 venientes
784 2355 974 2432 detulerunt,
1003 2379 1036 2420 se
1061 2379 1082 2419 a
1110 2356 1233 2420 Joanne

282 2457 484 2534 Lexoviensi,
514 2470 548 2522 ct
582 2456 792 2543 complicibus
822 2458 887 2522 suis
921 2455 1106 2542 gravamina
1136 2457 1234 2522 multa

280 2582 455 2646 perpessos.
500 2561 639 2638 Quidam
661 2560 755 2625 etiam
779 2573 963 2647 queruntur
986 2560 1073 2647 quod
1100 2584 1155 2624 eos
1179 2582 1234 2645 per

279 2661 525 2750 appellationem
540 2663 581 2726 ad
598 2686 655 2727 nos
666 2662 783 2727 factam
799 2664 840 2728 ab
855 2663 959 2727 officio
971 2685 1029 2727 suo
1041 2662 1233 2750 suspendere

279 2780 412 2833 conatus
426 2765 478 2833 sit.
524 2766 605 2831 Inde
620 2779 667 2831 est
682 2767 770 2852 quod
794 2765 976 2831 discretioni
992 2780 1108 2831 vestrae
1124 2767 1233 2854 praeci-

268 2869 396 2955 .piendo
411 2870 609 2946 mandamus,
625 2873 778 2955 quatinus
792 2869 837 2934 rei
850 2869 1016 2933 veritatem
1031 2867 1233 2934 exactissima

279 2970 445 3057 diligentia
465 2974 656 3059 iniquitatis,
669 2986 702 3037 et
717 2972 742 3036 si
759 2974 802 3035 A.
817 2971 939 3037 litteras
961 2983 1085 3035 nostras
1101 2971 1235 3035 fraudu-

280 3070 381 3135 lenter
396 3074 606 3159 suppressisse
621 3073 811 3153 constiterit‚
825 3095 898 3136 eum
919 3072 1111 3137 auctoritate
1127 3086 1234 3137 nostra

279 3176 320 3236 ab
334 3172 437 3235 officio
451 3173 663 3258 suspendatis,
675 3174 775 3239 donec
785 3176 876 3240 vobis
891 3188 923 3240 et
938 3174 1079 3239 ecclesiae
1091 3178 1233 3241 Cantus-

279 3270 374 3334 riensi
395 3269 552 3356 condigne
574 3273 753 3338 satisfaciat.
799 3276 956 3338 Joannem
980 3299 1111 3361 quoque
1128 3277 1233 3340 [exo

280 3371 428 3447 viensem,
443 3385 476 3436 et
491 3373 650 3438 ministros
672 3375 886 3440 archidiaconi
909 3377 1133 3442 Dorberiensis
1150 3400 1234 3442 com-

280 3473 405 3561 pellatis
424 3478 613 3540 auctoritate
629 3492 734 3542 vestra
755 3478 922 3543 restituere
942 3480 1064 3544 clericis
1085 3480 1174 3566 quod
1194 3503 1232 3545 ex

281 3600 391 3662 prava,
419 3602 515 3665 quam
545 3581 768 3664 premisimus,
793 3581 1040 3659 consuetudine,
1071 3582 1123 3647 vel
1155 3583 1232 3648 sacri

279 3680 457 3747 chrismatis
486 3696 632 3747 execrata
663 3682 847 3748 venditione
874 3685 916 3749 ab
949 3684 996 3749 eis
1031 3688 1234 3765 extorserint,

280 3794 449 3868 postquam
476 3807 533 3848 nos
558 3785 639 3848 hauc
661 3784 836 3871 nequitiam
860 3786 1155 3852 condemnavimus.
1201 3786 1232 3851 Si

281 3906 354 3946 vcro
384 3884 473 3948 vobis
488 3885 534 3947 ‘in
564 3886 624 3950 hoc
661 3890 881 3972 obtemperare
910 3886 1143 3970 neglexerunt;
1181 3911 1233 3952 eos

279 3984 467 4047 auctoritate
491 4000 594 4050 vestra
623 3988 665 4051 ab
694 3989 827 4052 introitu
851 3986 991 4053 ecclesiae
1018 3990 1232 4075 suspendatis,

279 4083 380 4146 donec
393 4083 501 4149 ablata
521 4086 642 4151 clericis
662 4089 844 4164 restituant,
859 4103 892 4153 et
913 4090 1110 4155 satisfaciant
1133 4091 1232 4157 nobis.

281 4184 313 4249 Si
334 4196 440 4248 autem
464 4187 587 4266 aliquos
609 4202 681 4273 post
704 4190 947 4276 appellationem
971 4191 1011 4255 ad
1036 4214 1094 4256 nos
1115 4193 1232 4259 factam

279 4286 471 4373 suspendere
493 4290 767 4374 praesumpserint,
782 4314 836 4355 cos
859 4291 1019 4368 relaxetis,
1043 4306 1076 4357 et
1100 4317 1231 4381 suspen·

279 4408 364 4453 sores
386 4386 579 4454 denuntietis
600 4414 620 4453 a
643 4391 732 4454 nobis
751 4416 818 4458 csse
839 4415 1007 4477 suspensos
1029 4420 1047 4460 a
1070 4395 1231 4460 liminibus
