3034 5500
272 742 315 798 ·2d
505 709 509 716 ¹
531 747 669 795 tonitrus
685 743 965 794 mussitamansrs
1137 724 1181 811 [a
1199 745 1227 793 u.

276 900 416 968 Ricardo
433 901 627 966 Londinensi
651 901 816 988 episcopis,
838 899 1030 987 saepedictus
1047 898 1229 964 Willelmus

277 1004 399 1090 absque
424 1002 518 1068 ullius
542 1003 737 1089 gravaminis
761 1002 963 1088 allegatione,
991 1001 1100 1077 tertio,
1126 1013 1232 1064 contra

273 1104 357 1190 juris
372 1107 504 1169 sormam
527 1122 564 1170 nt
580 1107 671 1170 nobis
686 1106 788 1169 visum
804 1119 863 1186 est,
878 1104 922 1168 ad>
942 1103 1119 1168 consistorii
1137 1102 1228 1167 vestri

280 1207 497 1273 excellentiam
525 1206 708 1295 appellavit,
731 1209 902 1271 terminum
925 1205 1134 1293 appellationi
1157 1227 1233 1291 prae·

281 1311 381 1396 figens
396 1309 593 1376 Dominicam
610 1332 675 1395 qua
690 1308 882 1385 cantabitur,
900 1311 1026 1372 Laelore
1041 1309 1231 1371 Jerusalem.

283 1414 446 1478 Robertus
467 1435 541 1477 vero
559 1412 727 1478 terminum
751 1411 936 1491 coarctavit,
957 1409 1041 1473 diem
1066 1409 1231 1494 praefigens

284 1516 509 1603 Epiphaniam.

452 1809 675 1875 EPISTOLA
698 1811 900 1874 XXll.-ao
917 1826 1071 1871 EUNIJEM.

626 1946 776 2008 Adriano
790 1947 899 2026 Papa.

331 2079 630 2150 Conraovaasnn,
641 2095 715 2160 qnoe
729 2076 813 2139 inter
828 2076 1004 2141 Robertnm
1021 2077 1195 2162 quendam,
1208 2090 1238 2142 et

288 2176 461 2243 Ricardum
487 2177 527 2240 de
554 2174 676 2261 Ambly
701 2176 896 2252 vertebatur,
922 2199 1018 2263 super
1047 2178 1181 2242 ecclesia
1202 2179 1239 2243 de

288 2277 531 2362 Wacheringiis,
568 2279 718 2342 serenitas
755 2292 862 2341 vestra
898 2280 990 2342 nobis
1033 2279 1239 2345 decidendam

290 2377 457 2462 delegavit.
517 2377 669 2441 Partibus
702 2378 812 2462 itaque
841 2401 859 2441 e
890 2379 1016 2460 regione
1049 2381 1241 2457 constitutis,

291 2501 390 2565 quum
407 2477 581 2543 assiderent
604 2478 694 2542 nobis
710 2479 906 2542 venerabiles
923 2481 1038 2544 fratres
1061 2483 1173 2559 nostri,
1189 2484 1243 2548 Ri-

290 2580 405 2644 cardus
421 2579 653 2643 Londonieasis
663 2593 696 2643 et
710 2578 854 2642 Hilarius
870 2580 1077 2644 Cicestrensis
1092 2585 1242 2671 episcopi,

290 2681 455 2747 Robertus
470 2694 674 2746 memoratam
690 2679 850 2746 ecclesiam
868 2681 1007 2768 petebat,
1019 2705 1119 2769 quam
1137 2687 1196 2754 sibi
1210 2690 1241 2754 in

291 2785 380 2850 curia
395 2783 607 2850 londoniensi
627 2783 842 2871 adjudicatam
866 2783 1036 2848 asserebat.
1082 2789 1114 2851 E
1136 2804 1244 2855 contra

292 2886 451 2951 Ricardus
468 2886 607 2972 quadam
630 2885 802 2950 collusione
825 2885 978 2949 adversus
1001 2887 1183 2956 Monachus
1207 2894 1245 2958 de

294 2986 507 3051 Pritelewella
536 2986 694 3050 dictatum
725 3009 792 3049 esse
824 2985 983 3070 judicium
1013 2986 1188 3073 allegabat,
1217 3016 1248 3059 se

294 3109 370 3152 vero
390 3086 530 3152 ecclesiae
545 3109 753 3172 possessorem
777 3111 941 3174 nunquam
963 3088 1108 3167 citatum,
1125 3093 1243 3159 nullam

293 3192 377 3252 inter
400 3212 433 3252 se
458 3201 490 3251 et
515 3189 693 3252 Robertnm
716 3189 812 3254 latam
835 3191 933 3254 fnisse
959 3193 1148 3258 sententiam
1171 3220 1245 3261 oon·

294 3300 415 3353 stanter
434 3310 625 3368 asseverans,
647 3292 735 3376 quod
756 3306 790 3355 et
811 3292 879 3377 ipse
906 3291 1142 3360 Londonieasis
1166 3300 1250 3385 epis·

295 3413 395 3477 copus
409 3390 512 3478 palam
530 3392 622 3456 nobis
636 3394 785 3457 omnibus
805 3394 969 3458 confessus
980 3410 1038 3461 est.
1084 3402 1248 3467 Robertus

294 3492 403 3578 itaque
424 3493 465 3556 ad
487 3493 555 3557 lraec
576 3494 656 3558 nihil
679 3495 884 3581 respondens,
898 3495 1094 3563 audientiam
1109 3516 1247 3568 vestram

295 3593 481 3680 appellavit,
495 3594 579 3658 diem
594 3596 791 3659 constituens
806 3608 932 3661 octavas
949 3598 1031 3664 beati
1050 3601 1202 3669 Andreae.

292 3942 299 3957 ,
341 3878 563 3943 EPISTOLA
588 3880 806 3943 xxiii-an
821 3900 1003 3945 aaraaoou
1020 3901 1212 3950 aerscorurr

642 3999 903 4044 wrooanansau.

529 4112 662 4192 dyredo
683 4113 827 4194 Wiporn.
844 4115 1015 4197 Episcopo.

344 4248 456 4311 Suras
483 4244 652 4331 prudentia
679 4260 783 4310 vestra
814 4248 890 4311 satis
918 4248 1068 4314 admirari
1094 4275 1156 4316 non
1182 4277 1255 4340 pos·

299 4370 420 4424 snmus,
447 4368 530 4433 quae,
554 4360 672 4425 nostro,
696 4359 727 4411 et
753 4347 887 4414 lratrum
913 4364 1091 4417 nostrorum
1122 4357 1254 4422 consilio
