3034 5500
295 733 358 792 908
552 748 687 791 nonnius
704 746 983 791 sanesnanrnnsrs
1151 734 1193 807 [a.
1211 753 1237 796 n.

290 919 415 968 narem;
441 897 526 981 quod
540 919 636 980 quam
650 898 778 960 difficile
791 899 842 973 sit,
853 909 908 961 aut
918 899 1027 982 potius
1039 901 1237 983 impossibile,

290 1001 383 1062 facile
404 999 574 1082 perpendit
595 1000 762 1081 prudentia
781 1014 896 1074 restra,
912 1001 1008 1085 cujus
1027 1003 1237 1066 acutissimum

288 1098 465 1179 ingenium,
493 1098 636 1179 linguam
667 1097 707 1161 ad
738 1097 877 1160 dicenda
910 1102 1020 1164 omnia
1051 1101 1238 1184 expeditam,

288 1201 541 1282 capacissimam,
555 1213 586 1261 et
603 1199 834 1263 tenacissimam
848 1202 1035 1265 memoriam
1050 1217 1129 1266 aetas
1140 1217 1239 1268 nostra

289 1310 396 1381 stupet
411 1312 443 1361 et
458 1313 633 1361 veneratur.
672 1300 758 1361 Nam
774 1311 809 1361 ut
824 1301 869 1361 ait
884 1303 1045 1381 Apuleius
1061 1303 1093 1364 iu
1112 1304 1190 1366 libro
1204 1303 1238 1366 de

289 1401 362 1463 Deo
382 1401 532 1473 Socratis,
552 1399 679 1462 laudern
704 1400 876 1463 celeritatis
899 1403 994 1464 simul
1019 1416 1053 1465 et
1075 1403 1239 1485 diligentia

288 1502 397 1564 nullus
410 1501 598 1583 assequitur,
605 1500 660 1562 sed
672 1511 702 1564 et
715 1500 880 1581 grandium
890 1504 1044 1566 librorum
1058 1526 1169 1586 graves
1180 1526 1239 1568 ma·

291 1604 378 1666 teriae
394 1604 426 1665 in
444 1601 576 1665 eandem
592 1601 779 1666 schedulam
796 1605 884 1667 nulla
907 1626 1062 1689 umquam
1080 1606 1239 1688 diligentia

290 1705 549 1787 compinguntur.
581 1701 663 1764 Nam
681 1703 720 1765 de
735 1702 846 1785 primis
857 1705 983 1767 duabus
991 1690 1239 1788 buaestionibus,

289 1807 330 1869 de
354 1828 485 1871 numero
511 1805 635 1869 scilicet
658 1805 811 1868 librorum
838 1817 870 1868 et
901 1809 1093 1871 auctoribus
1123 1830 1237 1884 eorum,

292 1910 501 1974 Cassiodorus
513 1910 689 1988 elegantem
706 1909 886 1990 composuit
896 1909 1031 1972 librum:
1055 1910 1112 1973 sed
1124 1911 1197 1994 quia
1211 1912 1238 1972 iu

288 2011 349 2073 hac
367 2021 457 2093 parte
480 2009 557 2070 fides
575 2029 646 2071 mea
666 2008 843 2084 discutitur,
857 2031 929 2073 mea
948 2012 1000 2072 vel
1023 2011 1160 2074 aliorum
1180 2034 1237 2074 uon

288 2114 422 2174 multum
446 2108 599 2173 iuteresse
625 2111 769 2187 arbitror,
792 2110 871 2192 quid
893 2111 1060 2174 credatur:
1092 2115 1138 2176 sic
1162 2116 1238 2176 euim

288 2213 351 2275 hoc
374 2210 528 2281 credatur,
545 2232 584 2271 an
608 2212 710 2287 aliter,
725 2213 848 2274 nullum
871 2214 983 2276 salutis
1006 2216 1099 2277 affert
1118 2214 1239 2299 dispen-

287 2312 386 2374 dium.
425 2312 464 2371 In
479 2332 518 2371 eo
534 2321 639 2372 autem
655 2311 742 2393 quod
758 2333 818 2375 uec
834 2314 938 2387 obest,
953 2335 1014 2376 nec
1031 2316 1176 2398 prodest,
1190 2327 1238 2378 aut

286 2414 319 2476 in
350 2414 499 2475 alterutro
529 2433 639 2494 parum
667 2414 821 2474 momenti
847 2416 939 2476 affert
963 2415 1072 2478 acrius
1102 2418 1237 2498 litigare:

287 2535 392 2576 nonne
416 2513 500 2575 idem
526 2525 574 2574 est
601 2535 638 2575 ac
664 2514 691 2574 si
713 2513 752 2575 de
776 2516 850 2577 lana
872 2517 1004 2598 caprina
1025 2519 1111 2581 iuter
1125 2520 1238 2583 amicos

288 2615 431 2679 acerbius
448 2613 680 2677 contendatur?
709 2613 847 2677 Proinde
871 2617 973 2695 magis
989 2617 1088 2680 fidem
1109 2621 1238 2683 arbitror

286 2717 484 2801 impugnare,
496 2713 521 2776 si
538 2712 609 2798 quis
625 2714 657 2777 id
674 2715 714 2779 de
730 2736 796 2798 quo
812 2736 875 2778 uon
891 2726 1030 2796 constat,
1045 2719 1237 2802 pervicacius

288 2831 416 2895 statuat,
432 2840 526 2902 quarn
543 2820 569 2879 si
585 2840 603 2879 a
623 2819 789 2880 temeraria
804 2818 996 2883 definitione
1016 2820 1192 2897 abstinens,
1208 2821 1237 2884 id
1255 2889 1259 2899 ¹

290 2922 375 2984 unde
398 2932 504 3004 patres
525 2920 690 2982 dissentire
714 2919 810 2997 videt,
831 2933 862 2984 et
885 2921 973 3003 quod
998 2924 1094 3004 plene
1117 2925 1239 2986 investi·

289 3029 363 3105 gare
384 3045 447 3085 non
469 3034 583 3105 potest,
605 3022 760 3105 relinquat
784 3022 950 3084 incertum.
989 3024 1113 3105 Opinio
1137 3039 1236 3088 tamen

288 3125 320 3187 in
336 3128 464 3188 alteram
486 3136 607 3207 partem
626 3135 731 3205 potest
750 3135 782 3185 et
797 3122 894 3186 debet
917 3145 986 3186 esse
1007 3127 1190 3207 proclivior,
1205 3136 1236 3188 ut

289 3224 375 3308 quod
391 3226 550 3300 omuibuS,
565 3236 622 3287 aut
636 3226 791 3308 pluribus,
806 3238 861 3286 aut
885 3227 1025 3287 maximo
1040 3228 1128 3289 uotis
1148 3241 1235 3311 atque

285 3324 467 3407 praecipuis,
481 3341 536 3387 aut
557 3328 610 3388 uui
634 3327 750 3408 cuique
771 3327 905 3408 probato
925 3327 1041 3389 artifici
1062 3329 1232 3392 secundum

284 3426 443 3510 propriam
483 3427 607 3489 videtur
645 3427 843 3499 facultatem,
880 3427 1005 3490 facilius
1044 3429 1235 3503 admittatur,

283 3529 345 3591 nisi
359 3528 441 3589 ratio
457 3530 634 3603 manifesta,
646 3541 701 3592 aut
716 3529 912 3611 probabilior
926 3529 959 3590 in
971 3530 1022 3591 his
1037 3552 1111 3613 quae
1127 3531 1233 3594 rationi

283 3630 427 3715 subjecta
443 3643 527 3703 sunt,
544 3630 727 3713 oppositum
744 3629 860 3693 doceat
884 3650 953 3691 esse
969 3652 1098 3694 rerum:
1126 3633 1232 3695 rationi

282 3756 357 3797 vero
386 3734 530 3817 subjecta
565 3732 693 3806 inserui,
723 3743 850 3814 propter
881 3733 954 3793 illos
991 3733 1154 3810 articulos,
1184 3734 1232 3817 qui

283 3859 408 3900 omnem
440 3837 571 3898 omnino
601 3833 832 3896 transcendunt
860 3834 1030 3913 rationem,
1058 3838 1092 3899 iu
1123 3837 1233 3921 quibus

282 3941 380 4002 stulta
397 3960 465 4001 esse
488 3938 650 4020 praeelegit
672 3937 819 4012 ecclesia,
844 3950 879 3999 ut
899 3938 932 3998 iu
955 3938 1141 4021 insipientia
1162 3938 1230 4002 fidei

281 4039 532 4122 apprehenderet
548 4040 721 4107 Christum,
737 4039 796 4100 Dei
812 4038 970 4116 virtutem,
983 4051 1015 4102 et
1033 4038 1095 4103 Dei
1112 4042 1232 4124 sapien·

280 4142 356 4203 tiam
372 4161 467 4223 quam
484 4162 556 4203 cum
575 4138 778 4222 philosophis
793 4138 958 4217 Gentium,
970 4141 1026 4224 qui
1043 4141 1188 4205 diceutes
1201 4162 1232 4204 se

280 4262 349 4305 esso
366 4243 525 4324 sapientes
540 4242 626 4305 stulti
643 4242 716 4303 facti
733 4252 817 4318 suut,
833 4252 865 4304 et
885 4255 1084 4306 evanuerunt
1100 4244 1133 4305 in
1149 4243 1231 4324 cogi·

279 4344 454 4406 tationibus
474 4343 549 4420 suis,
567 4355 601 4405 ut
616 4343 765 4406 darentur
785 4344 963 4409 insensum
982 4342 1164 4425 reprobum,
1180 4363 1231 4427 per
