3034 5500
277 759 483 840 llos—oo]
668 776 844 823 nnrsrotn.
1170 763 1232 822 217

275 929 380 994 fertus
406 942 440 994 et
467 928 583 994 litteris
612 928 829 1012 Hieronymus
859 926 888 991 iu
919 926 1061 1012 praet'atis
1090 926 1233 1012 apicibus

276 1032 396 1118 tangit,
423 1029 513 1117 apud
539 1029 699 1095 Valerium
727 1029 907 1093 Maximum
934 1029 1092 1115 reperitur
1117 1028 1148 1092 in
1176 1029 1231 1093 lib.

278 1139 310 1197 8.
337 1155 409 1218 cap.
439 1137 465 1196 l.
495 1129 607 1194 Titulo
634 1129 674 1193 de
700 1130 924 1194 moderatione.
979 1129 1107 1194 Accidit
1136 1128 1232 1207 enim,

278 1245 315 1297 ut
347 1231 458 1309 refert,
481 1229 570 1317 quod
600 1254 620 1295 a
648 1229 858 1316 piscatoribus
887 1229 918 1292 in
949 1229 1076 1294 Milesia
1105 1230 1234 1314 regione

278 1331 493 1398 everriculum
532 1332 745 1407 trahentibus,
779 1331 909 1416 qnidam
943 1332 1067 1417 jactum
1104 1344 1234 1395 emerat.

280 1436 441 1499 Extincto
470 1434 598 1497 demum
630 1432 736 1517 magni
774 1433 922 1519 ponderis
950 1455 1047 1497 aurea
1077 1433 1234 1518 Delphica

279 1559 402 1612 mensa,
438 1548 509 1600 orta
549 1534 762 1600 controversia
797 1548 857 1612 est,
894 1534 955 1598 illis
997 1558 1029 1598 se
1069 1549 1233 1620 capturam

280 1638 419 1726 piscium
435 1637 614 1702 vendidisse
629 1635 869 1716 affirmantibus,
880 1637 941 1700 hoc
955 1660 973 1700 e
987 1651 1097 1700 contra
1111 1636 1236 1700 dicente

281 1764 316 1805 se
337 1741 450 1805 emisse
475 1740 635 1804 duntaxat
660 1739 820 1803 fortunam
838 1739 957 1824 jactus.
1002 1737 1128 1802 Audita
1149 1763 1236 1825 quae-

282 1842 386 1908 stione
401 1842 542 1929 pupulus
563 1841 711 1920 civitatis,
727 1855 859 1928 propter
879 1843 1052 1907 novitatem
1067 1855 1099 1906 et
1115 1841 1235 1928 magni-

281 1944 428 2010 tudinem
459 1945 515 2023 rei,
544 1967 671 2009 causam
709 1943 749 2007 ad
788 1944 1050 2009 consultationem
1085 1946 1235 2030 Delphici

283 2047 458 2134 Apollinis¹
474 2048 597 2111 censuit
621 2047 831 2111 referendam.
882 2047 1058 2112 Consultus
1085 2071 1160 2113 vero
1189 2073 1237 2113 ra-

283 2150 414 2237 spondit
441 2151 469 2214 ei
494 2150 632 2215 dandam
659 2173 739 2226 esse,
766 2149 821 2236 qui
846 2173 954 2214 omnes
977 2150 1056 2215 alios
1081 2151 1236 2237 sapientia

282 2249 496 2326 antecederet,
520 2250 661 2336 alioquin
688 2250 856 2337 accipienti
882 2251 1089 2336 injucundam
1114 2255 1180 2317 lore
1204 2267 1236 2319 et

283 2354 424 2418 noxiam.
472 2355 587 2440 Itaque
609 2353 684 2439 quia
705 2353 825 2417 Thales
846 2353 992 2418 Milesius
1009 2354 1133 2441 judicio
1147 2356 1237 2420 audi-

285 2470 405 2536 torum,
419 2456 502 2520 inter
525 2471 658 2541 septem,
676 2479 759 2541 quos
779 2470 855 2520 tunc
878 2480 945 2542 prae
966 2459 1088 2522 caeteris
1111 2459 1239 2524 Graecia

284 2557 479 2635 celebrabat,
495 2558 745 2643 sapientissimus
760 2558 949 2636 habebatur,
965 2559 1238 2626 denunciaverunt

285 2664 327 2741 ei,
356 2676 393 2728 ut
418 2664 485 2750 jam
516 2662 611 2726 dictae
641 2683 757 2725 mensae
786 2662 1012 2747 possessionem
1042 2662 1156 2740 adiret,
1180 2664 1238 2750 qui

285 2764 398 2829 audita
426 2761 666 2827 consultationis
696 2764 799 2826 forma
824 2776 856 2827 et
886 2785 1035 2847 responso
1066 2764 1238 2848 Apollinis,

285 2865 438 2955 prudenti
463 2864 655 2939 humilitate,
679 2888 743 2930 non
771 2888 815 2943 se,
837 2863 891 2927 scd
920 2864 1011 2927 Biam
1034 2866 1237 2951 Pyrenaeum,

285 2970 369 3034 dixit
395 2967 555 3054 Apollinis
575 2967 704 3031 oraculo
729 2966 944 3051 designatum.
989 2965 1114 3030 Aditus
1137 2980 1185 3032 est
1205 2983 1238 3033 et

284 3071 345 3136 iste
360 3071 459 3157 priori
470 3068 624 3145 similiter,
636 3084 668 3134 et
684 3070 716 3133 in
728 3070 865 3134 eundem
879 3068 1007 3132 modum
1024 3068 1238 3134 conditionem

285 3174 317 3237 in
338 3171 560 3257 Mitylenaeum
589 3172 749 3236 Pittacum
778 3171 955 3248 transtulit,
980 3171 1106 3236 interim
1131 3194 1239 3237 mensa

282 3275 410 3360 jacente
435 3274 467 3337 in
493 3272 615 3351 sabulo,
639 3286 671 3336 et
699 3286 829 3358 propter
854 3272 1025 3337 novitatem
1052 3286 1185 3337 eventus
1207 3289 1240 3340 et

286 3375 535 3440 moderationem
557 3375 750 3461 sapientum,
772 3389 804 3439 ot
828 3379 904 3460 quia
927 3375 1034 3440 nullus
1056 3377 1096 3441 de
1119 3376 1239 3463 popolo

286 3477 502 3564 praesumebat
521 3476 670 3540 invadere
686 3500 812 3554 aurum,
833 3478 920 3563 quod
944 3502 963 3541 a
978 3502 1011 3543 se
1027 3493 1116 3544 tanto
1132 3481 1240 3545 studio

287 3579 510 3666 sapientissimi
537 3603 569 3643 se
592 3581 808 3655 removebant,
833 3604 938 3645 casum
969 3581 1054 3646 hunc
1084 3606 1146 3647 nou
1173 3596 1237 3649 tam

286 3681 461 3746 mirabilem
500 3704 597 3767 quam
635 3681 841 3767 stupendum,
878 3683 988 3748 talium
1027 3689 1240 3771 praeconatrix

288 3784 374 3850 faran
399 3784 492 3868 louge
518 3787 647 3869 lateque
675 3784 830 3870 vulgavit.
876 3787 990 3849 Mens'a
1011 3785 1121 3872 itaque
1144 3789 1242 3853 lamo-

289 3886 411 3950 sissima
425 3885 511 3950 facta
526 3899 585 3962 est,
601 3885 679 3949 dum
695 3886 735 3949 ad
761 3886 901 3972 singulos
918 3888 1103 3973 Sapientum
1120 3903 1241 3975 septem

289 3989 333 4052 sic
358 3987 460 4075 ipsius
482 3987 674 4073 procedebat
700 3988 831 4065 oblatio,
854 3989 953 4052 donec
976 4005 1106 4054 ventum
1129 4006 1176 4055 est
1199 3993 1241 4057 nd

290 4089 449 4166 Solonem,
475 4091 533 4174 qui
557 4103 590 4153 et
614 4090 746 4154 titulum
777 4090 983 4177 amplissimae
1012 4091 1185 4175 sapientire,
1209 4110 1242 4160 et

289 4215 408 4258 munus
426 4192 569 4257 oblatum
597 4193 732 4257 contulit
756 4193 789 4256 in
816 4192 1011 4280 Apollinem,
1037 4194 1067 4256 in
1098 4217 1164 4279 quo
1188 4197 1241 4259 Sol

288 4294 415 4370 colitur,
446 4295 523 4380 quia
548 4294 655 4357 omnia
685 4294 931 4381 contemplatur,
956 4310 988 4359 et
1018 4296 1109 4380 cujus
1140 4295 1242 4359 virtus

287 4396 381 4480 ignca
408 4396 450 4461 sic
477 4409 622 4481 penetrat
649 4400 805 4474 universa,
832 4414 868 4462 nt
891 4397 919 4460 ei
946 4397 1023 4459 nihil
1053 4396 1149 4479 possit
1176 4419 1242 4460 esse
