<?xml version="1.0" encoding="UTF-8"?>
<!DOCTYPE html PUBLIC "-//W3C//DTD XHTML 1.0 Transitional//EN"
    "http://www.w3.org/TR/xhtml1/DTD/xhtml1-transitional.dtd">
<html xmlns="http://www.w3.org/1999/xhtml" xml:lang="en" lang="en">
 <head>
  <title>
</title>
<meta http-equiv="Content-Type" content="text/html;charset=utf-8" />
  <meta name='ocr-system' content='tesseract 3.04.00' />
  <meta name='ocr-capabilities' content='ocr_page ocr_carea ocr_par ocr_line ocrx_word'/>
</head>
<body>
  <div class='ocr_page' id='page_1' title='image "./joannissaresber16johngoog_0053.png"; bbox 0 0 3034 5500; ppageno 0'>
   <div class='ocr_carea' id='block_1_1' title="bbox 287 759 1238 840">
    <p class='ocr_par' dir='ltr' id='par_1_1' title="bbox 287 759 1238 840">
     <span class='ocr_line' id='line_1_1' title="bbox 287 759 1238 840; baseline 0.006 -17"><span class='ocrx_word' id='word_1_1' title='bbox 287 759 462 840; x_wconf 62' lang='lat' dir='ltr'>llos—ta]</span> <span class='ocrx_word' id='word_1_2' title='bbox 686 771 864 824; x_wconf 69' lang='lat' dir='ltr'>aristosa.</span> <span class='ocrx_word' id='word_1_3' title='bbox 1199 770 1238 829; x_wconf 81' lang='grc'>31</span> 
     </span>
    </p>
   </div>
   <div class='ocr_carea' id='block_1_2' title="bbox 254 926 1239 3672">
    <p class='ocr_par' dir='ltr' id='par_1_2' title="bbox 254 926 1239 3672">
     <span class='ocr_line' id='line_1_2' title="bbox 283 926 1239 1015; baseline 0.006 -22"><span class='ocrx_word' id='word_1_4' title='bbox 283 929 457 1015; x_wconf 80' lang='lat' dir='ltr'><strong>confugere</strong></span> <span class='ocrx_word' id='word_1_5' title='bbox 475 926 724 1014; x_wconf 88' lang='lat' dir='ltr'>compelluntur,</span> <span class='ocrx_word' id='word_1_6' title='bbox 745 943 782 992; x_wconf 92' lang='lat' dir='ltr'>ut</span> <span class='ocrx_word' id='word_1_7' title='bbox 798 928 962 994; x_wconf 81' lang='lat' dir='ltr'><strong>laboribus</strong></span> <span class='ocrx_word' id='word_1_8' title='bbox 982 954 1092 995; x_wconf 90' lang='lat' dir='ltr'>eorum</span> <span class='ocrx_word' id='word_1_9' title='bbox 1109 954 1239 999; x_wconf 86' lang='lat' dir='ltr'>manum</span> 
     </span>
     <span class='ocr_line' id='line_1_3' title="bbox 283 1031 1239 1117; baseline 0.004 -21"><span class='ocrx_word' id='word_1_10' title='bbox 283 1032 509 1098; x_wconf 82' lang='lat' dir='ltr'>misericordia·</span> <span class='ocrx_word' id='word_1_11' title='bbox 535 1031 715 1117; x_wconf 81' lang='lat' dir='ltr'>porrigatis.</span> <span class='ocrx_word' id='word_1_12' title='bbox 762 1033 852 1096; x_wconf 88' lang='lat' dir='ltr'>luter</span> <span class='ocrx_word' id='word_1_13' title='bbox 878 1046 992 1097; x_wconf 77' lang='lat' dir='ltr'>catera</span> <span class='ocrx_word' id='word_1_14' title='bbox 1014 1035 1176 1099; x_wconf 88' lang='lat' dir='ltr'>ecclesiam</span> <span class='ocrx_word' id='word_1_15' title='bbox 1198 1039 1239 1100; x_wconf 90' lang='lat' dir='ltr'>de</span> 
     </span>
     <span class='ocr_line' id='line_1_4' title="bbox 284 1133 1239 1221; baseline 0.005 -23"><span class='ocrx_word' id='word_1_16' title='bbox 284 1134 499 1220; x_wconf 84' lang='lat' dir='ltr'>Effingeham‚</span> <span class='ocrx_word' id='word_1_17' title='bbox 515 1156 612 1221; x_wconf 90' lang='lat' dir='ltr'>quam</span> <span class='ocrx_word' id='word_1_18' title='bbox 629 1133 685 1212; x_wconf 89' lang='lat' dir='ltr'>eis,</span> <span class='ocrx_word' id='word_1_19' title='bbox 700 1146 828 1221; x_wconf 86' lang='lat' dir='ltr'>petente</span> <span class='ocrx_word' id='word_1_20' title='bbox 843 1133 972 1199; x_wconf 92' lang='lat' dir='ltr'>domino</span> <span class='ocrx_word' id='word_1_21' title='bbox 986 1137 1092 1216; x_wconf 81' lang='lat' dir='ltr'>fundi,</span> <span class='ocrx_word' id='word_1_22' title='bbox 1107 1136 1239 1204; x_wconf 89' lang='lat' dir='ltr'>donavit</span> 
     </span>
     <span class='ocr_line' id='line_1_5' title="bbox 283 1235 1238 1319; baseline 0.006 -19"><span class='ocrx_word' id='word_1_23' title='bbox 283 1235 432 1302; x_wconf 87' lang='lat' dir='ltr'>dominus</span> <span class='ocrx_word' id='word_1_24' title='bbox 456 1235 617 1312; x_wconf 71' lang='lat' dir='ltr'>Winton,</span> <span class='ocrx_word' id='word_1_25' title='bbox 640 1248 672 1299; x_wconf 90' lang='lat' dir='ltr'>et</span> <span class='ocrx_word' id='word_1_26' title='bbox 693 1235 852 1319; x_wconf 89' lang='lat' dir='ltr'>gloriosus</span> <span class='ocrx_word' id='word_1_27' title='bbox 874 1236 1018 1302; x_wconf 84' lang='lat' dir='ltr'>decessor</span> <span class='ocrx_word' id='word_1_28' title='bbox 1042 1253 1147 1305; x_wconf 85' lang='lat' dir='ltr'>vester</span> <span class='ocrx_word' id='word_1_29' title='bbox 1170 1243 1238 1307; x_wconf 90' lang='lat' dir='ltr'>Eu·</span> 
     </span>
     <span class='ocr_line' id='line_1_6' title="bbox 281 1337 1238 1430; baseline 0.006 -28"><span class='ocrx_word' id='word_1_30' title='bbox 281 1340 407 1425; x_wconf 85' lang='lat' dir='ltr'>genius,</span> <span class='ocrx_word' id='word_1_31' title='bbox 431 1352 561 1404; x_wconf 81' lang='lat' dir='ltr'>secutus</span> <span class='ocrx_word' id='word_1_32' title='bbox 587 1338 730 1423; x_wconf 81' lang='lat' dir='ltr'>ejusdem</span> <span class='ocrx_word' id='word_1_33' title='bbox 758 1337 878 1401; x_wconf 89' lang='lat' dir='ltr'>domini</span> <span class='ocrx_word' id='word_1_34' title='bbox 901 1341 1113 1408; x_wconf 85' lang='lat' dir='ltr'>Wintoniensi</span> <span class='ocrx_word' id='word_1_35' title='bbox 1140 1345 1238 1430; x_wconf 80' lang='lat' dir='ltr'>scrip</span> 
     </span>
     <span class='ocr_line' id='line_1_7' title="bbox 282 1440 1238 1531; baseline 0.003 -24"><span class='ocrx_word' id='word_1_36' title='bbox 282 1457 363 1520; x_wconf 88' lang='lat' dir='ltr'>tum,</span> <span class='ocrx_word' id='word_1_37' title='bbox 376 1443 439 1507; x_wconf 87' lang='lat' dir='ltr'>sub</span> <span class='ocrx_word' id='word_1_38' title='bbox 450 1441 621 1528; x_wconf 82' lang='lat' dir='ltr'>privilegio</span> <span class='ocrx_word' id='word_1_39' title='bbox 630 1440 840 1514; x_wconf 85' lang='lat' dir='ltr'>confirmavit,</span> <span class='ocrx_word' id='word_1_40' title='bbox 855 1441 885 1504; x_wconf 90' lang='lat' dir='ltr'>in</span> <span class='ocrx_word' id='word_1_41' title='bbox 897 1441 1046 1527; x_wconf 86' lang='lat' dir='ltr'>injuriam</span> <span class='ocrx_word' id='word_1_42' title='bbox 1057 1445 1238 1531; x_wconf 75' lang='lat' dir='ltr'>apostolicae</span> 
     </span>
     <span class='ocr_line' id='line_1_8' title="bbox 281 1542 1239 1631; baseline 0.005 -24"><span class='ocrx_word' id='word_1_43' title='bbox 281 1545 468 1631; x_wconf 86' lang='lat' dir='ltr'>majestatis,</span> <span class='ocrx_word' id='word_1_44' title='bbox 489 1558 521 1608; x_wconf 88' lang='lat' dir='ltr'>et</span> <span class='ocrx_word' id='word_1_45' title='bbox 542 1542 762 1607; x_wconf 79' lang='lat' dir='ltr'>confusionem</span> <span class='ocrx_word' id='word_1_46' title='bbox 792 1556 972 1607; x_wconf 90' lang='lat' dir='ltr'>sanctorum</span> <span class='ocrx_word' id='word_1_47' title='bbox 990 1567 1144 1610; x_wconf 89' lang='lat' dir='ltr'>canonum</span> <span class='ocrx_word' id='word_1_48' title='bbox 1165 1570 1239 1612; x_wconf 87' lang='lat' dir='ltr'>coo-</span> 
     </span>
     <span class='ocr_line' id='line_1_9' title="bbox 279 1643 1239 1730; baseline 0.003 -20"><span class='ocrx_word' id='word_1_49' title='bbox 279 1645 353 1710; x_wconf 84' lang='lat' dir='ltr'>tulit</span> <span class='ocrx_word' id='word_1_50' title='bbox 384 1657 579 1709; x_wconf 91' lang='lat' dir='ltr'>memoratus</span> <span class='ocrx_word' id='word_1_51' title='bbox 614 1643 783 1728; x_wconf 89' lang='lat' dir='ltr'>episcopus</span> <span class='ocrx_word' id='word_1_52' title='bbox 812 1643 940 1707; x_wconf 89' lang='lat' dir='ltr'>cuidam</span> <span class='ocrx_word' id='word_1_53' title='bbox 971 1644 1143 1730; x_wconf 89' lang='lat' dir='ltr'>publicano</span> <span class='ocrx_word' id='word_1_54' title='bbox 1172 1649 1239 1713; x_wconf 81' lang='lat' dir='ltr'>lere</span> 
     </span>
     <span class='ocr_line' id='line_1_10' title="bbox 280 1744 1239 1830; baseline 0.006 -20"><span class='ocrx_word' id='word_1_55' title='bbox 280 1745 361 1810; x_wconf 90' lang='lat' dir='ltr'>laico</span> <span class='ocrx_word' id='word_1_56' title='bbox 377 1745 444 1811; x_wconf 86' lang='lat' dir='ltr'>filio</span> <span class='ocrx_word' id='word_1_57' title='bbox 464 1745 645 1815; x_wconf 83' lang='lat' dir='ltr'>sacerdotis.</span> <span class='ocrx_word' id='word_1_58' title='bbox 657 1745 717 1830; x_wconf 72' lang='lat' dir='ltr'>,qui</span> <span class='ocrx_word' id='word_1_59' title='bbox 733 1745 766 1809; x_wconf 92' lang='lat' dir='ltr'>in</span> <span class='ocrx_word' id='word_1_60' title='bbox 788 1768 826 1807; x_wconf 91' lang='lat' dir='ltr'>ea</span> <span class='ocrx_word' id='word_1_61' title='bbox 847 1744 977 1811; x_wconf 82' lang='lat' dir='ltr'>ecclesia</span> <span class='ocrx_word' id='word_1_62' title='bbox 997 1746 1239 1816; x_wconf 68' lang='lat' dir='ltr'><strong>ministraverat.</strong></span> 
     </span>
     <span class='ocr_line' id='line_1_11' title="bbox 283 1847 1237 1937; baseline 0.004 -25"><span class='ocrx_word' id='word_1_63' title='bbox 283 1847 462 1912; x_wconf 89' lang='lat' dir='ltr'>Ecclesiam</span> <span class='ocrx_word' id='word_1_64' title='bbox 478 1868 606 1933; x_wconf 87' lang='lat' dir='ltr'>quoque</span> <span class='ocrx_word' id='word_1_65' title='bbox 621 1870 728 1912; x_wconf 88' lang='lat' dir='ltr'>eorum</span> <span class='ocrx_word' id='word_1_66' title='bbox 745 1847 787 1911; x_wconf 92' lang='lat' dir='ltr'>de</span> <span class='ocrx_word' id='word_1_67' title='bbox 810 1847 987 1933; x_wconf 89' lang='lat' dir='ltr'>Uppetona</span> <span class='ocrx_word' id='word_1_68' title='bbox 1003 1849 1092 1913; x_wconf 89' lang='lat' dir='ltr'>miles</span> <span class='ocrx_word' id='word_1_69' title='bbox 1105 1850 1237 1937; x_wconf 89' lang='lat' dir='ltr'>quidam</span> 
     </span>
     <span class='ocr_line' id='line_1_12' title="bbox 283 1949 1237 2039; baseline 0.007 -26"><span class='ocrx_word' id='word_1_70' title='bbox 283 1949 503 2015; x_wconf 69' lang='lat' dir='ltr'>dissimulante</span> <span class='ocrx_word' id='word_1_71' title='bbox 523 1951 673 2037; x_wconf 86' lang='lat' dir='ltr'>episcopo</span> <span class='ocrx_word' id='word_1_72' title='bbox 695 1951 829 2036; x_wconf 89' lang='lat' dir='ltr'>impune</span> <span class='ocrx_word' id='word_1_73' title='bbox 845 1952 910 2015; x_wconf 91' lang='lat' dir='ltr'>suis</span> <span class='ocrx_word' id='word_1_74' title='bbox 933 1951 1064 2016; x_wconf 84' lang='lat' dir='ltr'>decimis</span> <span class='ocrx_word' id='word_1_75' title='bbox 1079 1954 1237 2039; x_wconf 86' lang='lat' dir='ltr'>spoliavit.</span> 
     </span>
     <span class='ocr_line' id='line_1_13' title="bbox 282 2052 1236 2139; baseline 0.005 -24"><span class='ocrx_word' id='word_1_76' title='bbox 282 2052 359 2116; x_wconf 87' lang='lat' dir='ltr'>Hoc</span> <span class='ocrx_word' id='word_1_77' title='bbox 384 2064 503 2128; x_wconf 91' lang='lat' dir='ltr'>autem,</span> <span class='ocrx_word' id='word_1_78' title='bbox 534 2052 750 2138; x_wconf 78' lang='lat' dir='ltr'>praepediente</span> <span class='ocrx_word' id='word_1_79' title='bbox 781 2053 1002 2138; x_wconf 85' lang='lat' dir='ltr'>magnitudine</span> <span class='ocrx_word' id='word_1_80' title='bbox 1024 2056 1236 2139; x_wconf 89' lang='lat' dir='ltr'>quorumdam</span> 
     </span>
     <span class='ocr_line' id='line_1_14' title="bbox 274 2152 1236 2240; baseline 0.003 -21"><span class='ocrx_word' id='word_1_81' title='bbox 274 2154 417 2240; x_wconf 73' lang='lat' dir='ltr'>justitias</span> <span class='ocrx_word' id='word_1_82' title='bbox 432 2152 682 2232; x_wconf 78' lang='lat' dir='ltr'>detrahentium,</span> <span class='ocrx_word' id='word_1_83' title='bbox 698 2169 730 2219; x_wconf 87' lang='lat' dir='ltr'>et</span> <span class='ocrx_word' id='word_1_84' title='bbox 752 2153 963 2220; x_wconf 83' lang='lat' dir='ltr'>invalescente</span> <span class='ocrx_word' id='word_1_85' title='bbox 984 2157 1104 2221; x_wconf 88' lang='lat' dir='ltr'>malitia</span> <span class='ocrx_word' id='word_1_86' title='bbox 1121 2158 1236 2223; x_wconf 87' lang='lat' dir='ltr'>multo-</span> 
     </span>
     <span class='ocr_line' id='line_1_15' title="bbox 277 2255 1236 2342; baseline 0.005 -24"><span class='ocrx_word' id='word_1_87' title='bbox 277 2278 361 2333; x_wconf 88' lang='lat' dir='ltr'>rum,</span> <span class='ocrx_word' id='word_1_88' title='bbox 379 2255 439 2321; x_wconf 87' lang='lat' dir='ltr'>nisi</span> <span class='ocrx_word' id='word_1_89' title='bbox 455 2266 589 2340; x_wconf 87' lang='lat' dir='ltr'>urgente</span> <span class='ocrx_word' id='word_1_90' title='bbox 605 2256 755 2320; x_wconf 87' lang='lat' dir='ltr'>mandato</span> <span class='ocrx_word' id='word_1_91' title='bbox 771 2270 877 2322; x_wconf 88' lang='lat' dir='ltr'>vestro</span> <span class='ocrx_word' id='word_1_92' title='bbox 891 2280 954 2320; x_wconf 90' lang='lat' dir='ltr'>non</span> <span class='ocrx_word' id='word_1_93' title='bbox 971 2258 1112 2342; x_wconf 89' lang='lat' dir='ltr'>potuerit</span> <span class='ocrx_word' id='word_1_94' title='bbox 1128 2282 1236 2323; x_wconf 89' lang='lat' dir='ltr'>emen-</span> 
     </span>
     <span class='ocr_line' id='line_1_16' title="bbox 279 2357 1235 2444; baseline 0.005 -23"><span class='ocrx_word' id='word_1_95' title='bbox 279 2357 359 2423; x_wconf 79' lang='lat' dir='ltr'>dari.</span> <span class='ocrx_word' id='word_1_96' title='bbox 404 2357 534 2424; x_wconf 87' lang='lat' dir='ltr'>Placeat</span> <span class='ocrx_word' id='word_1_97' title='bbox 558 2382 635 2443; x_wconf 87' lang='lat' dir='ltr'>ergo</span> <span class='ocrx_word' id='word_1_98' title='bbox 657 2357 834 2442; x_wconf 87' lang='lat' dir='ltr'>dignationi</span> <span class='ocrx_word' id='word_1_99' title='bbox 858 2372 982 2434; x_wconf 79' lang='lat' dir='ltr'>vestrae,</span> <span class='ocrx_word' id='word_1_100' title='bbox 1007 2359 1235 2444; x_wconf 82' lang='lat' dir='ltr'>praedictoru&#39;rn</span> 
     </span>
     <span class='ocr_line' id='line_1_17' title="bbox 279 2450 1236 2545; baseline 0.006 -23"><span class='ocrx_word' id='word_1_101' title='bbox 279 2459 416 2523; x_wconf 81' lang='lat' dir='ltr'>fratrum</span> <span class='ocrx_word' id='word_1_102' title='bbox 433 2483 556 2536; x_wconf 85' lang='lat' dir='ltr'>causas,</span> <span class='ocrx_word' id='word_1_103' title='bbox 568 2475 600 2525; x_wconf 90' lang='lat' dir='ltr'>et</span> <span class='ocrx_word' id='word_1_104' title='bbox 617 2480 765 2545; x_wconf 86' lang='lat' dir='ltr'>personas</span> <span class='ocrx_word' id='word_1_105' title='bbox 777 2461 913 2545; x_wconf 83' lang='lat' dir='ltr'>benigne</span> <span class='ocrx_word' id='word_1_106' title='bbox 929 2450 1110 2541; x_wconf 88' lang='lat' dir='ltr'>admittere,</span> <span class='ocrx_word' id='word_1_107' title='bbox 1124 2476 1156 2527; x_wconf 89' lang='lat' dir='ltr'>et</span> <span class='ocrx_word' id='word_1_108' title='bbox 1171 2465 1236 2528; x_wconf 91' lang='lat' dir='ltr'>cito</span> 
     </span>
     <span class='ocr_line' id='line_1_18' title="bbox 279 2562 1235 2650; baseline 0.003 -25"><span class='ocrx_word' id='word_1_109' title='bbox 279 2562 706 2649; x_wconf 85' lang='lat' dir='ltr'>remittere,quiatemeritas</span> <span class='ocrx_word' id='word_1_110' title='bbox 717 2585 836 2640; x_wconf 89' lang='lat' dir='ltr'>eorum,</span> <span class='ocrx_word' id='word_1_111' title='bbox 846 2563 903 2648; x_wconf 93' lang='lat' dir='ltr'>qui</span> <span class='ocrx_word' id='word_1_112' title='bbox 916 2563 947 2626; x_wconf 94' lang='lat' dir='ltr'>in</span> <span class='ocrx_word' id='word_1_113' title='bbox 959 2587 1035 2627; x_wconf 90' lang='lat' dir='ltr'>usus</span> <span class='ocrx_word' id='word_1_114' title='bbox 1047 2586 1235 2650; x_wconf 87' lang='lat' dir='ltr'>pauperum,</span> 
     </span>
     <span class='ocr_line' id='line_1_19' title="bbox 254 2659 1234 2752; baseline 0.002 -25"><span class='ocrx_word' id='word_1_115' title='bbox 254 2663 364 2728; x_wconf 79' lang='lat' dir='ltr'>ultra</span> <span class='ocrx_word' id='word_1_116' title='bbox 390 2686 488 2750; x_wconf 89' lang='lat' dir='ltr'>quam</span> <span class='ocrx_word' id='word_1_117' title='bbox 511 2662 608 2740; x_wconf 91' lang='lat' dir='ltr'>hunc,</span> <span class='ocrx_word' id='word_1_118' title='bbox 639 2659 725 2727; x_wconf 92' lang='lat' dir='ltr'>dorni</span> <span class='ocrx_word' id='word_1_119' title='bbox 748 2666 948 2751; x_wconf 87' lang='lat' dir='ltr'>expendunt,</span> <span class='ocrx_word' id='word_1_120' title='bbox 972 2687 1091 2729; x_wconf 87' lang='lat' dir='ltr'>moram</span> <span class='ocrx_word' id='word_1_121' title='bbox 1115 2665 1234 2752; x_wconf 79' lang='lat' dir='ltr'>refugit</span> 
     </span>
     <span class='ocr_line' id='line_1_20' title="bbox 281 2766 1236 2853; baseline 0.001 -23"><span class='ocrx_word' id='word_1_122' title='bbox 281 2766 467 2851; x_wconf 86' lang='lat' dir='ltr'>longiorem.</span> <span class='ocrx_word' id='word_1_123' title='bbox 508 2766 657 2830; x_wconf 85' lang='lat' dir='ltr'>Proiecto</span> <span class='ocrx_word' id='word_1_124' title='bbox 669 2766 695 2830; x_wconf 90' lang='lat' dir='ltr'>si</span> <span class='ocrx_word' id='word_1_125' title='bbox 705 2766 822 2832; x_wconf 87' lang='lat' dir='ltr'>latores</span> <span class='ocrx_word' id='word_1_126' title='bbox 832 2768 1036 2853; x_wconf 76' lang='lat' dir='ltr'>praesentium</span> <span class='ocrx_word' id='word_1_127' title='bbox 1048 2766 1236 2831; x_wconf 84' lang='lat' dir='ltr'>familiarius</span> 
     </span>
     <span class='ocr_line' id='line_1_21' title="bbox 278 2866 1237 2955; baseline 0 -24"><span class='ocrx_word' id='word_1_128' title='bbox 278 2869 501 2955; x_wconf 85' lang='lat' dir='ltr'>inspexeritas,</span> <span class='ocrx_word' id='word_1_129' title='bbox 517 2868 690 2933; x_wconf 88' lang='lat' dir='ltr'>multarum</span> <span class='ocrx_word' id='word_1_130' title='bbox 707 2891 960 2954; x_wconf 89' lang='lat' dir='ltr'>magnarumque</span> <span class='ocrx_word' id='word_1_131' title='bbox 983 2866 1140 2930; x_wconf 86' lang='lat' dir='ltr'>virtutum</span> <span class='ocrx_word' id='word_1_132' title='bbox 1166 2890 1237 2952; x_wconf 90' lang='lat' dir='ltr'>par-</span> 
     </span>
     <span class='ocr_line' id='line_1_22' title="bbox 280 2968 1236 3058; baseline -0.001 -25"><span class='ocrx_word' id='word_1_133' title='bbox 280 2994 356 3036; x_wconf 82' lang='lat' dir='ltr'>rum</span> <span class='ocrx_word' id='word_1_134' title='bbox 369 2971 574 3058; x_wconf 86' lang='lat' dir='ltr'>hospitiolum</span> <span class='ocrx_word' id='word_1_135' title='bbox 588 2970 619 3034; x_wconf 93' lang='lat' dir='ltr'>in</span> <span class='ocrx_word' id='word_1_136' title='bbox 635 2971 736 3037; x_wconf 88' lang='lat' dir='ltr'>altero</span> <span class='ocrx_word' id='word_1_137' title='bbox 752 2969 899 3056; x_wconf 87' lang='lat' dir='ltr'>poteritis</span> <span class='ocrx_word' id='word_1_138' title='bbox 914 2968 1075 3045; x_wconf 89' lang='lat' dir='ltr'>admirari,</span> <span class='ocrx_word' id='word_1_139' title='bbox 1087 2978 1119 3031; x_wconf 88' lang='lat' dir='ltr'>et</span> <span class='ocrx_word' id='word_1_140' title='bbox 1135 2990 1236 3052; x_wconf 92' lang='lat' dir='ltr'>quum</span> 
     </span>
     <span class='ocr_line' id='line_1_23' title="bbox 280 3067 1237 3158; baseline -0.003 -22"><span class='ocrx_word' id='word_1_141' title='bbox 280 3086 455 3158; x_wconf 89' lang='lat' dir='ltr'>utrumque</span> <span class='ocrx_word' id='word_1_142' title='bbox 475 3074 601 3138; x_wconf 87' lang='lat' dir='ltr'>caritati</span> <span class='ocrx_word' id='word_1_143' title='bbox 616 3087 730 3138; x_wconf 80' lang='lat' dir='ltr'>restrae</span> <span class='ocrx_word' id='word_1_144' title='bbox 744 3070 945 3137; x_wconf 87' lang='lat' dir='ltr'>commendet</span> <span class='ocrx_word' id='word_1_145' title='bbox 962 3069 1113 3156; x_wconf 86' lang='lat' dir='ltr'>spiritus:</span> <span class='ocrx_word' id='word_1_146' title='bbox 1145 3067 1237 3138; x_wconf 85' lang='lat' dir='ltr'>alteri</span> 
     </span>
     <span class='ocr_line' id='line_1_24' title="bbox 278 3170 1237 3260; baseline -0.003 -22"><span class='ocrx_word' id='word_1_147' title='bbox 278 3198 352 3239; x_wconf 85' lang='lat' dir='ltr'>caro</span> <span class='ocrx_word' id='word_1_148' title='bbox 378 3188 410 3239; x_wconf 89' lang='lat' dir='ltr'>et</span> <span class='ocrx_word' id='word_1_149' title='bbox 432 3175 561 3260; x_wconf 88' lang='lat' dir='ltr'>sanguis</span> <span class='ocrx_word' id='word_1_150' title='bbox 586 3176 722 3260; x_wconf 84' lang='lat' dir='ltr'>gratiam</span> <span class='ocrx_word' id='word_1_151' title='bbox 750 3174 959 3259; x_wconf 89' lang='lat' dir='ltr'>compacabit.</span> <span class='ocrx_word' id='word_1_152' title='bbox 1006 3171 1111 3236; x_wconf 87' lang='lat' dir='ltr'>Prosit</span> <span class='ocrx_word' id='word_1_153' title='bbox 1140 3170 1237 3236; x_wconf 89' lang='lat' dir='ltr'>Meri·</span> 
     </span>
     <span class='ocr_line' id='line_1_25' title="bbox 280 3274 1236 3365; baseline 0 -25"><span class='ocrx_word' id='word_1_154' title='bbox 280 3278 477 3355; x_wconf 89' lang='lat' dir='ltr'>tonensibus,</span> <span class='ocrx_word' id='word_1_155' title='bbox 497 3278 586 3365; x_wconf 92' lang='lat' dir='ltr'>quod</span> <span class='ocrx_word' id='word_1_156' title='bbox 602 3278 680 3342; x_wconf 82' lang='lat' dir='ltr'>durn</span> <span class='ocrx_word' id='word_1_157' title='bbox 703 3281 814 3343; x_wconf 90' lang='lat' dir='ltr'>essetis</span> <span class='ocrx_word' id='word_1_158' title='bbox 831 3279 864 3342; x_wconf 92' lang='lat' dir='ltr'>in</span> <span class='ocrx_word' id='word_1_159' title='bbox 884 3276 1017 3343; x_wconf 88' lang='lat' dir='ltr'>ecclesia</span> <span class='ocrx_word' id='word_1_160' title='bbox 1040 3274 1125 3340; x_wconf 87' lang='lat' dir='ltr'>beati</span> <span class='ocrx_word' id='word_1_161' title='bbox 1145 3276 1236 3352; x_wconf 86' lang='lat' dir='ltr'>Rufi,</span> 
     </span>
     <span class='ocr_line' id='line_1_26' title="bbox 279 3377 1236 3468; baseline -0.002 -25"><span class='ocrx_word' id='word_1_162' title='bbox 279 3379 383 3444; x_wconf 90' lang='lat' dir='ltr'>bonus</span> <span class='ocrx_word' id='word_1_163' title='bbox 402 3382 482 3445; x_wconf 92' lang='lat' dir='ltr'>odor</span> <span class='ocrx_word' id='word_1_164' title='bbox 504 3404 613 3445; x_wconf 90' lang='lat' dir='ltr'>eorum</span> <span class='ocrx_word' id='word_1_165' title='bbox 639 3380 680 3445; x_wconf 89' lang='lat' dir='ltr'>ad</span> <span class='ocrx_word' id='word_1_166' title='bbox 703 3404 761 3445; x_wconf 81' lang='lat' dir='ltr'>vos</span> <span class='ocrx_word' id='word_1_167' title='bbox 776 3402 882 3468; x_wconf 91' lang='lat' dir='ltr'>usque</span> <span class='ocrx_word' id='word_1_168' title='bbox 904 3378 1061 3466; x_wconf 84' lang='lat' dir='ltr'>pervenit,</span> <span class='ocrx_word' id='word_1_169' title='bbox 1084 3392 1115 3443; x_wconf 89' lang='lat' dir='ltr'>et</span> <span class='ocrx_word' id='word_1_170' title='bbox 1146 3377 1236 3464; x_wconf 92' lang='lat' dir='ltr'>quod</span> 
     </span>
     <span class='ocr_line' id='line_1_27' title="bbox 278 3481 1236 3567; baseline -0.001 -22"><span class='ocrx_word' id='word_1_171' title='bbox 278 3481 356 3546; x_wconf 89' lang='lat' dir='ltr'>mihi</span> <span class='ocrx_word' id='word_1_172' title='bbox 371 3504 463 3547; x_wconf 79' lang='lat' dir='ltr'>servo</span> <span class='ocrx_word' id='word_1_173' title='bbox 485 3498 592 3549; x_wconf 78' lang='lat' dir='ltr'>vestro</span> <span class='ocrx_word' id='word_1_174' title='bbox 613 3485 849 3548; x_wconf 86' lang='lat' dir='ltr'>communicare</span> <span class='ocrx_word' id='word_1_175' title='bbox 865 3482 986 3548; x_wconf 86' lang='lat' dir='ltr'>solebat</span> <span class='ocrx_word' id='word_1_176' title='bbox 1000 3481 1083 3547; x_wconf 91' lang='lat' dir='ltr'>inter</span> <span class='ocrx_word' id='word_1_177' title='bbox 1101 3482 1236 3567; x_wconf 87' lang='lat' dir='ltr'>loquen-</span> 
     </span>
     <span class='ocr_line' id='line_1_28' title="bbox 278 3584 654 3672; baseline 0.011 -24"><span class='ocrx_word' id='word_1_178' title='bbox 278 3584 358 3648; x_wconf 89' lang='lat' dir='ltr'>dum</span> <span class='ocrx_word' id='word_1_179' title='bbox 375 3585 524 3672; x_wconf 80' lang='lat' dir='ltr'>dignatio</span> <span class='ocrx_word' id='word_1_180' title='bbox 539 3600 654 3652; x_wconf 85' lang='lat' dir='ltr'>restra.</span> 
     </span>
    </p>
   </div>
   <div class='ocr_carea' id='block_1_3' title="bbox 382 3778 1074 4023">
    <p class='ocr_par' dir='ltr' id='par_1_3' title="bbox 382 3778 1074 4023">
     <span class='ocr_line' id='line_1_29' title="bbox 382 3778 1074 3888; baseline -0.006 -2"><span class='ocrx_word' id='word_1_181' title='bbox 382 3778 385 3784; x_wconf 39' lang='lat'>¹</span> <span class='ocrx_word' id='word_1_182' title='bbox 447 3824 669 3888; x_wconf 70' lang='lat' dir='ltr'>sersaoni</span> <span class='ocrx_word' id='word_1_183' title='bbox 691 3824 1074 3887; x_wconf 65' lang='lat' dir='ltr'>xxix-mannaan.</span> 
     </span>
     <span class='ocr_line' id='line_1_30' title="bbox 542 3941 971 4023; baseline -0.009 -18"><span class='ocrx_word' id='word_1_184' title='bbox 542 3941 676 4005; x_wconf 83' lang='lat' dir='ltr'>Domino</span> <span class='ocrx_word' id='word_1_185' title='bbox 692 3943 799 4023; x_wconf 80' lang='lat' dir='ltr'>Pnpoe</span> <span class='ocrx_word' id='word_1_186' title='bbox 814 3942 971 4004; x_wconf 80' lang='lat' dir='ltr'>Adriano.</span> 
     </span>
    </p>
   </div>
   <div class='ocr_carea' id='block_1_4' title="bbox 276 4079 1260 4473">
    <p class='ocr_par' dir='ltr' id='par_1_4' title="bbox 276 4079 1260 4473">
     <span class='ocr_line' id='line_1_31' title="bbox 323 4079 1238 4170; baseline -0.011 -19"><span class='ocrx_word' id='word_1_187' title='bbox 323 4087 366 4151; x_wconf 76' lang='lat' dir='ltr'>Iu</span> <span class='ocrx_word' id='word_1_188' title='bbox 389 4081 565 4149; x_wconf 90' lang='lat' dir='ltr'>amicorum</span> <span class='ocrx_word' id='word_1_189' title='bbox 582 4083 717 4170; x_wconf 81' lang='lat' dir='ltr'>negotiis</span> <span class='ocrx_word' id='word_1_190' title='bbox 732 4105 825 4147; x_wconf 88' lang='lat' dir='ltr'>aures</span> <span class='ocrx_word' id='word_1_191' title='bbox 845 4080 1021 4145; x_wconf 78' lang='lat' dir='ltr'>clementias</span> <span class='ocrx_word' id='word_1_192' title='bbox 1038 4093 1152 4145; x_wconf 84' lang='lat' dir='ltr'>vestrae</span> <span class='ocrx_word' id='word_1_193' title='bbox 1166 4079 1238 4166; x_wconf 87' lang='lat' dir='ltr'>pul-</span> 
     </span>
     <span class='ocr_line' id='line_1_32' title="bbox 276 4180 1260 4273; baseline -0.014 -18"><span class='ocrx_word' id='word_1_194' title='bbox 276 4212 347 4255; x_wconf 82' lang='lat' dir='ltr'>sare</span> <span class='ocrx_word' id='word_1_195' title='bbox 369 4208 546 4273; x_wconf 73' lang='lat' dir='ltr'>praesumo,</span> <span class='ocrx_word' id='word_1_196' title='bbox 569 4186 620 4249; x_wconf 91' lang='lat' dir='ltr'>cui</span> <span class='ocrx_word' id='word_1_197' title='bbox 642 4186 726 4249; x_wconf 80' lang='lat' dir='ltr'>sorte</span> <span class='ocrx_word' id='word_1_198' title='bbox 749 4187 824 4249; x_wconf 75' lang='lat' dir='ltr'>satis</span> <span class='ocrx_word' id='word_1_199' title='bbox 846 4207 913 4248; x_wconf 83' lang='lat' dir='ltr'>esse</span> <span class='ocrx_word' id='word_1_200' title='bbox 934 4182 1075 4257; x_wconf 90' lang='lat' dir='ltr'>debebit,</span> <span class='ocrx_word' id='word_1_201' title='bbox 1099 4180 1188 4245; x_wconf 86' lang='lat' dir='ltr'>sivel</span> <span class='ocrx_word' id='word_1_202' title='bbox 1204 4180 1260 4242; x_wconf 92' lang='lat' dir='ltr'>in·</span> 
     </span>
     <span class='ocr_line' id='line_1_33' title="bbox 276 4283 1237 4377; baseline -0.012 -22"><span class='ocrx_word' id='word_1_203' title='bbox 276 4289 551 4377; x_wconf 86' lang='lat' dir='ltr'>propriiamerear</span> <span class='ocrx_word' id='word_1_204' title='bbox 566 4287 730 4353; x_wconf 76' lang='lat' dir='ltr'>exaudiri:</span> <span class='ocrx_word' id='word_1_205' title='bbox 756 4310 867 4351; x_wconf 87' lang='lat' dir='ltr'>verum</span> <span class='ocrx_word' id='word_1_206' title='bbox 883 4285 964 4349; x_wconf 91' lang='lat' dir='ltr'>hanc</span> <span class='ocrx_word' id='word_1_207' title='bbox 979 4283 1141 4349; x_wconf 85' lang='lat' dir='ltr'>timiditati</span> <span class='ocrx_word' id='word_1_208' title='bbox 1158 4302 1237 4345; x_wconf 74' lang='lat' dir='ltr'>meae</span> 
     </span>
     <span class='ocr_line' id='line_1_34' title="bbox 277 4380 1236 4473; baseline -0.017 -15"><span class='ocrx_word' id='word_1_209' title='bbox 277 4390 463 4458; x_wconf 84' lang='lat' dir='ltr'>contulistis</span> <span class='ocrx_word' id='word_1_210' title='bbox 478 4387 654 4470; x_wconf 84' lang='lat' dir='ltr'>audaciam,</span> <span class='ocrx_word' id='word_1_211' title='bbox 664 4389 795 4473; x_wconf 89' lang='lat' dir='ltr'>quando</span> <span class='ocrx_word' id='word_1_212' title='bbox 810 4412 860 4453; x_wconf 89' lang='lat' dir='ltr'>me</span> <span class='ocrx_word' id='word_1_213' title='bbox 871 4386 1064 4451; x_wconf 87' lang='lat' dir='ltr'>occasionem</span> <span class='ocrx_word' id='word_1_214' title='bbox 1080 4380 1236 4447; x_wconf 89' lang='lat' dir='ltr'>scribendi</span> 
     </span>
    </p>
   </div>
   <div class='ocr_carea' id='block_1_5' title="bbox 0 0 1522 5500">
    <p class='ocr_par' dir='ltr' id='par_1_5' title="bbox 0 0 1522 5500">
     <span class='ocr_line' id='line_1_35' title="bbox 0 0 1522 5500; baseline 0 0"><span class='ocrx_word' id='word_1_215' title='bbox 0 0 1522 5500; x_wconf 95' lang='lat' dir='ltr'> </span> 
     </span>
    </p>
   </div>
  </div>
 </body>
</html>
