3034 5500
312 724 371 783 ltt2
568 736 705 782 scarras
721 736 1007 782 sanasnsnrmssrs
1168 721 1209 804 [a
1223 740 1248 790 n.

408 885 471 938 Nou
483 891 524 938 est
535 887 562 938 in
577 885 682 939 Medico
694 902 796 957 semper
807 885 937 939 relevetur
948 894 980 940 ut
992 904 1078 956 agn:

407 970 542 1022 Interdum
553 970 630 1023 docta
641 969 699 1041 plus
711 969 784 1022 valet
794 975 851 1022 arte
862 971 974 1023 malum.

339 1192 560 1257 EPISTOLA
585 1193 843 1257 cxxxvprn
859 1211 1045 1256 corconna
1064 1212 1220 1257 caramu-

601 1311 737 1355 narsen
753 1311 955 1365 snrscorun.

494 1453 640 1517 (luidoni
655 1452 894 1516 catalaunensi
907 1453 1070 1534 epr‘eoopo.

345 1590 497 1653 Gitanas
513 1610 573 1671 ago
589 1585 771 1670 paternitati
787 1597 911 1663 vestrae,
926 1607 1002 1669 quae
1018 1589 1122 1652 mein
1145 1590 1248 1653 oblate

301 1691 531 1756 consolationis
545 1690 645 1773 grstia
660 1688 791 1770 dignata
802 1699 851 1750 est
864 1689 1059 1771 praesenire:
1082 1691 1247 1774 etquidem

301 1798 391 1854 teuto
399 1812 450 1854 me
459 1801 563 1854 vestra
570 1788 751 1869 benignitas
762 1785 803 1850 ad
813 1787 1007 1869 obsequium
1017 1809 1114 1852 suum
1123 1791 1249 1874 amplius

300 1893 463 1971 animavit,
478 1905 597 1976 quanto
614 1890 789 1953 liberalitas
804 1899 907 1952 vestra
924 1911 992 1952 non
1008 1891 1107 1956 modo
1122 1914 1166 1955 ex
1179 1894 1249 1956 tels·

300 1994 387 2056 tione
409 1993 503 2056 amici
519 1992 613 2056 vestri
628 1991 753 2054 abbatis
769 1989 871 2053 sancti
886 1991 1041 2074 Remigii,
1058 2015 1168 2057 verum
1186 1994 1250 2077 ipss

298 2093 404 2176 operis
426 2093 625 2156 exhibitione
651 2091 779 2155 fidelius
800 2093 984 2156 innotescit
1026 2095 1126 2158 Esset
1150 2106 1246 2159 sutem

295 2191 457 2258 laudabile
472 2192 559 2277 apud
574 2193 732 2270 homines,
744 2203 778 2257 et
791 2194 898 2276 magni
913 2195 1017 2259 meriti
1034 2195 1122 2279 apud
1138 2196 1246 2273 Deum

296 2293 329 2355 in
340 2293 426 2356 ulnis
435 2291 663 2356 misericordie
676 2293 855 2357 venientem
871 2289 1022 2377 excipere
1033 2296 1245 2380 peregrinum:

296 2393 354 2458 sed
378 2395 474 2476 longe
499 2392 670 2474 gloriosius
694 2406 727 2457 et
749 2393 964 2478 proculdubio
987 2398 1245 2461 remunerabilius

296 2506 347 2560 est
368 2497 510 2573 exulem,
528 2496 594 2559 imo
617 2515 675 2577 pro
701 2497 855 2571 Domino,
876 2508 910 2561 et
930 2493 1081 2563 libertate
1104 2499 1243 2563 ecclesie

295 2599 481 2663 exulantem
505 2596 546 2660 ad
568 2599 725 2661 bonorum
749 2599 951 2683 participium
974 2600 1121 2664 inritare.
1162 2599 1243 2674 Quid

296 2721 373 2782 ergo
388 2698 429 2763 ad
444 2699 514 2763 baec
530 2697 732 2782 respondebo
748 2697 880 2764 domino
894 2698 990 2764 meo?
1019 2699 1087 2765 Sed
1107 2701 1242 2784 proiecto

294 2802 419 2868 cantati
434 2810 545 2865 vestrae
561 2798 769 2883 respondebit
783 2801 977 2877 albissimus,
994 2804 1136 2885 quinon
1154 2802 1242 2866 modo

293 2925 393 2988 opera
411 2925 573 2981 manuum,
589 2902 644 2965 sed
667 2902 756 2965 uberi
774 2902 980 2967 retributione
999 2904 1035 2966 in
1052 2905 1166 2969 electis
1181 2904 1240 2967 suis

292 3007 411 3069 bonam
426 3018 606 3070 remunerat
620 3004 826 3067 voluntatem.
866 3006 910 3082 Is,
925 3004 1131 3071 serenissime
1145 3018 1238 3091 pater,

289 3105 319 3169 is
340 3127 436 3190 super
457 3127 514 3168 vos
535 3105 656 3189 aperiet
678 3106 791 3168 oculos
815 3106 1044 3170 misericordiae
1068 3129 1148 3184 suae,
1172 3107 1239 3191 quia

288 3226 345 3268 vos
364 3207 396 3267 in
414 3227 464 3268 me
482 3222 609 3289 apertos
623 3207 736 3270 oculos
752 3206 919 3269 habuistis.
956 3208 1031 3289 Ego
1046 3230 1134 3284 vero,
1149 3230 1237 3294 qnam

288 3308 355 3370 cito
369 3319 483 3389 potero
503 3308 660 3392 expediri,
675 3309 798 3371 veniam
816 3308 858 3372 ad
874 3330 930 3371 vos
950 3310 1108 3391 gaudens,
1123 3314 1151 3376 si
1165 3312 1236 3375 mihi

287 3427 438 3489 umquam
458 3405 612 3469 divinitus
631 3409 782 3471 collatum
804 3409 909 3486 luerit,
926 3422 962 3472 ut
985 3424 1101 3475 vestrae
1123 3415 1234 3476 valeam

288 3508 420 3592 obsequi
436 3509 601 3572 voluntati.

328 3784 548 3851 EPISTOLA
572 3782 903 3847 CXXXVL—narnr
918 3804 1064 3850 sanaris
1080 3807 1196 3851 sancrt

477 3901 751 3947 nsn1o11asnar1
767 3902 885 3948 sanent
900 3904 1043 3950 suanm.

325 4042 512 4102 Amcosont
540 4035 637 4099 fidem
660 4036 811 4099 articulus
836 4035 1039 4102 necessitatis
1064 4043 1230 4112 examinat,

280 4156 313 4209 et
323 4161 387 4225 que
396 4137 533 4221 quisque
547 4150 709 4201 moveatur
717 4137 758 4201 ad
770 4138 866 4201 alium
879 4140 1051 4205 affectione
1065 4144 1229 4207 convincit

280 4243 384 4312 Nobis
391 4240 570 4322 autem‚qui
577 4238 771 4324 jampridem
783 4252 883 4303 totum
894 4241 1037 4306 animum
1049 4244 1229 4308 devovimus

277 4343 432 4430 obsequio
448 4347 562 4420 vestro,
585 4340 799 4426 devotumque
824 4342 965 4407 Domino
980 4358 1113 4412 auctore
1135 4347 1229 4409 inrio-
