3034 5500
281 788 484 867 1165-ss6]
693 803 873 848 nersronnr.
1177 786 1239 843 209

276 961 452 1042 superbam
483 956 712 1040 professionem
739 954 906 1036 sapientiae
934 951 995 1017 Dei
1021 953 1178 1038 sapientia
1206 965 1238 1014 et

277 1060 397 1124 rirtute
414 1058 557 1121 destitui.

321 1162 493 1242 Quiaergo
503 1161 686 1224 ‹lenumero
695 1161 847 1223 librorum
858 1161 1039 1224 diversaset
1048 1159 1239 1241 multiplices

278 1275 406 1348 patrum
422 1264 495 1343 lego
511 1262 700 1334 sententias,
713 1261 891 1325 Catholicae
904 1262 1061 1325 Ecclesiae
1074 1261 1237 1323 doctorem
1261 1252 1266 1261 '

281 1366 518 1447 Hieronymum
528 1382 779 1445 seqrrens,quem
789 1361 1158 1424 inconstruendolitterae
1169 1361 1238 1422 sun·

280 1466 436 1529 damento
447 1463 708 1547 probatissimum
725 1463 840 1540 habeo,
853 1463 936 1526 sicut
947 1472 1071 1526 constat
1082 1483 1153 1524 esse
1165 1462 1237 1523 xxii

280 1567 403 1629 litteras
418 1566 643 1637 Hebraeorum,
654 1563 702 1626 sic
717 1563 789 1625 xxii
805 1563 904 1625 libros
915 1564 1028 1625 veteris
1039 1562 1237 1624 Testamenti

279 1669 313 1731 in
331 1669 435 1731 tribus
451 1665 620 1728 distintos
635 1665 802 1728 ordinibus
816 1664 1036 1727 indubitanter
1051 1663 1157 1726 credo.
1194 1665 1239 1725 Et

280 1769 405 1852 primus
422 1767 552 1851 quidem
570 1764 647 1828 ordo
662 1766 919 1828 Pentateuchum
932 1766 1084 1842 continet,
1095 1763 1239 1848 quinque

282 1870 409 1933 scilicet
424 1870 521 1931 libros
536 1867 646 1950 Moysi
663 1867 709 1929 sic
726 1886 784 1949 pro
805 1876 1074 1928 sacramentorum
1091 1866 1240 1929 varietate

282 1972 416 2046 divisos,
445 1981 478 2033 et
506 1970 532 2032 si
564 1970 750 2032 continuam
782 1967 821 2031 de
852 1968 983 2033 historia
1012 1979 1139 2031 constet
1168 1988 1239 2030 esse

282 2072 461 2138 materiam.
507 2073 540 2133 H
544 2072 554 2132 i
566 2083 640 2134 sunt
656 2070 805 2146 Genesis,
814 2069 963 2147 Exodns,
975 2071 1147 2148 Leriticus,
1158 2070 1239 2133 liber

283 2169 812 2253 Numerorum,Deuteronomium.
837 2172 1006 2236 Secundus
1015 2172 1240 2237 ordocontinet

282 2275 480 2361 prophetias,
507 2286 540 2338 et
565 2282 639 2338 octo
665 2275 755 2337 libris
785 2276 943 2358 expletur,
968 2276 1022 2359 qui
1053 2296 1149 2360 quare
1171 2295 1237 2358 prae

284 2378 408 2442 caeteris
421 2376 567 2440 dicantur
578 2376 766 2460 prophetiae,
776 2398 874 2460 quum
887 2376 985 2461 aliqui
996 2399 1106 2441 eorum
1118 2377 1237 2439 nudam

284 2481 397 2544 referre
421 2478 588 2542 videantur
603 2479 776 2551 historiam,
793 2476 893 2541 etalii
913 2481 1112 2563 prophetiam
1129 2493 1239 2542 texen-

283 2593 342 2657 tes,
358 2581 442 2646 sicut
458 2581 587 2655 Daniel,
601 2580 747 2662 liberque
764 2580 975 2656 Psalmorum,
991 2581 1024 2643 iu
1040 2579 1239 2662 propheticis

285 2706 350 2746 non
362 2693 554 2746 censeantur
564 2681 727 2766 operibus,
736 2702 796 2744 nec
808 2681 841 2743 in
853 2681 1028 2765 quaestione
1041 2680 1240 2764 propositum

285 2796 345 2862 est,
361 2805 423 2848 nec
444 2785 607 2867 temporis,
624 2794 679 2846 aut
701 2783 833 2847 schedae
849 2784 995 2863 angustia
1018 2804 1102 2845 nunc
1122 2782 1241 2865 patitur

285 2886 463 2970 explicare,
485 2884 542 2947 sed
565 2906 625 2950 nec
649 2886 802 2948 instantia
824 2885 997 2967 portitoris.
1043 2882 1082 2944 In
1100 2883 1150 2945 his
1165 2902 1240 2962 ergo

286 2999 504 3061 numerantur,
517 2986 629 3063 Josue,
643 2985 725 3048 liber
739 2986 761 3049 J
763 2985 904 3057 edicam,
920 2984 971 3045 cui
983 2982 1242 3066 compingitur-et

286 3088 388 3163 Ruth,
418 3085 570 3171 quoniam
601 3088 633 3148 in
664 3086 779 3149 diebus
806 3084 971 3162 Jndicum,
990 3085 1075 3148 facta
1102 3096 1244 3145 narratur

287 3190 431 3268 historia,
442 3189 582 3271 itemque
594 3188 733 3263 Samuel,
745 3188 841 3272 quiin
858 3188 983 3250 duobus
993 3186 1104 3271 primis
1115 3186 1242 3265 Regum

287 3290 515 3366 voluminibus,
530 3300 563 3353 et
577 3289 764 3367 Malachim,
781 3290 880 3372 quiin
896 3289 1023 3352 duobus
1035 3288 1243 3372 sequentibus

287 3392 448 3474 expletur,
460 3412 542 3475 quos
557 3402 733 3474 sequuntur
749 3390 963 3454 voluminibus
975 3391 1119 3473 singulis,
1132 3391 1244 3467 Isaias,

288 3492 460 3569 Jeremias,
487 3490 663 3568 Ezechie13
693 3493 774 3556 liber
800 3492 847 3554 xii
873 3494 1100 3577 prophetarum
1126 3494 1160 3556 in
1186 3494 1242 3556 ha·

289 3592 475 3675 giographis
504 3592 660 3656 consistit.
706 3590 834 3654 Tertius
863 3591 941 3655 ordo
972 3593 1140 3656 continens
1166 3592 1245 3670 Job,

289 3694 492 3771 Psalterium,
515 3695 641 3757 Eccles.
666 3693 803 3757 Cantica
826 3693 1045 3769 canticorum,
1062 3695 1243 3771 Danielem,

290 3796 570 3879 Paralipomenon,
596 3795 746 3871 Esdram,
772 3806 805 3857 et
831 3796 957 3859 Hester.
1010 3797 1056 3860 Et
1081 3798 1127 3860 sie
1154 3797 1244 3858 colli·

291 3908 409 3977 guntur
430 3897 462 3959 in
486 3919 610 3961 summa
633 3897 704 3959 xxii
719 3895 794 3959 libri
814 3899 928 3960 veteris
943 3898 1151 3972 Testamenti,
1167 3900 1245 3963 lieet

291 3999 435 4061 nonnulli
463 3999 581 4061 librum
608 3998 707 4074 Ruth,
733 4010 766 4059 et
792 3996 1053 4062 Lamentationes
1081 3999 1244 4077 Jeremiae,

291 4100 324 4161 in
352 4101 642 4185 hagiographorum
671 4122 804 4163 numero
833 4116 984 4165 censeant
1013 4103 1245 4186 supputandos,

292 4214 327 4263 nt
341 4203 374 4264 in
389 4203 468 4265 xxir
486 4224 610 4266 summa
625 4202 766 4265 omnium
779 4202 937 4266 dilatetur.
967 4205 1013 4266 Et
1026 4205 1097 4269 haee
1113 4206 1244 4289 quidem

291 4303 499 4367 inveniuntur
509 4304 542 4366 in
558 4306 692 4388 prologo
703 4305 773 4366 libri
786 4306 922 4386 Regum,
933 4325 1028 4387 quem
1039 4309 1152 4370 beatus
1166 4308 1244 4369 Hie·

292 4424 444 4487 ronymns
463 4419 557 4471 vocat
577 4408 734 4488 galeatum
752 4405 932 4487 principem
948 4407 1092 4469 omnium
1109 4407 1244 4490 scriptu·

335 4524 408 4570 von.
427 4526 449 4570 1.
755 4525 774 4568 Ρ
