3034 5500
283 766 483 844 usa-61]
672 778 850 824 nrrsrone.
1194 761 1232 818 rl

276 938 358 998 niam
375 956 453 1021 pars
469 933 538 996 haec
553 929 703 1018 pluribus
713 942 761 994 est
775 941 807 993 et
823 925 1005 991 melioribus
1020 936 1159 1011 accepta,
1174 925 1230 988 sed

274 1059 341 1100 eam
359 1034 582 1101 vehementius
599 1045 742 1098 tuentur.

597 1309 820 1373 EPISTOLA
844 1309 912 1370 LX.

319 1459 457 1522 Sonans
482 1455 682 1542 pigmentarii
709 1455 850 1518 diversas
873 1453 993 1540 species
1018 1451 1229 1528 commiscere,

275 1581 411 1622 acumen
434 1558 647 1645 pungentium
671 1557 714 1621 sic
736 1556 883 1641 mitigare
906 1555 1042 1631 lenibus,
1062 1568 1094 1619 et
1116 1555 1230 1618 amaris

277 1679 517 1748 contemperare
529 1660 646 1740 dulcia,
656 1674 690 1726 ut
702 1682 806 1746 quum
816 1659 850 1722 in
862 1681 953 1722 novoe
965 1657 1078 1744 speciei
1088 1680 1231 1743 saporem

278 1775 313 1826 et
338 1762 506 1827 efficaciam
532 1762 716 1842 coaluerint,
743 1761 889 1826 universa
915 1760 1109 1836 dulcescant,
1132 1773 1163 1824 et
1190 1759 1232 1823 ad

281 1863 516 1927 subversionem
528 1864 682 1927 mentium
694 1860 869 1925 efficaciora
884 1859 948 1925 sint
964 1862 1122 1936 universa,
1134 1883 1231 1946 quam

283 1964 422 2050 singula.
468 1966 537 2029 Hoc
557 1977 666 2028 autem
689 1977 721 2027 et
743 1962 862 2027 idcirco
883 1963 966 2026 forte
988 1962 1105 2045 saepius
1127 1962 1232 2025 evenit

281 2067 372 2151 quod
389 2091 426 2130 ea
440 2090 512 2154 quse
526 2067 670 2132 dulciora
685 2079 771 2145 sunt,
786 2080 958 2130 sumuntur
975 2064 1112 2145 avidius,
1126 2078 1157 2129 et
1173 2065 1232 2128 im·

283 2168 460 2233 moderatio
471 2169 650 2234 sobrietatis
662 2182 779 2232 metam
789 2169 918 2248 deserit,
928 2192 1028 2255 quum
1041 2169 1162 2234 hostem
1175 2168 1233 2254 qui

284 2271 412 2334 minime
423 2285 634 2356 praecavetur,
647 2270 751 2356 gratia
765 2269 941 2334 dulcedinis
953 2268 1136 2335 introducit.
1182 2272 1234 2335 Tu
1335 2310 1337 2315 ·

282 2372 414 2458 quidem
431 2396 471 2437 an
490 2372 722 2458 pigmentarius
745 2372 937 2459 quandoque
953 2373 1064 2450 fueris,
1080 2373 1235 2438 incertum

285 2473 398 2552 habeo,
413 2488 521 2539 certus
542 2474 690 2561 equidem
714 2476 801 2561 quod
823 2476 1050 2561 pigmentarios
1070 2474 1103 2538 in
1127 2472 1236 2558 aliquo

286 2574 431 2659 imitaris,
444 2576 472 2640 si
487 2589 591 2640 tamen
609 2590 695 2644 recte
717 2576 832 2641 diceris
853 2575 982 2653 imitari,
999 2599 1080 2661 quos
1103 2575 1133 2639 in
1157 2598 1236 2661 qua-

285 2679 432 2742 rumdam
443 2678 638 2742 confectione
653 2681 829 2765 specierum
843 2680 959 2742 videris
973 2680 1091 2742 rectius
1106 2681 1237 2742 anteire.

288 2785 331 2846 Et
347 2783 432 2847 forte
445 2781 519 2846 ideo
541 2782 733 2868 praecedenti
747 2796 904 2846 autumno
920 2782 1022 2844 varias
1040 2780 1102 2842 vini
1118 2780 1238 2865 species

287 2885 440 2964 coemisti,
455 2907 591 2971 quarum
614 2888 771 2971 coemptio
793 2898 825 2948 et
847 2882 1068 2969 comportatio,
1093 2881 1185 2958 (sicut
1208 2892 1239 2943 te

288 2986 367 3050 mihi
381 2986 543 3073 scripsisse
558 2986 674 3069 recolo>
698 3008 827 3072 operam
851 2999 939 3049 tuam
962 3007 981 3047 a
1002 2983 1150 3066 gerendis
1171 2982 1241 3047 aliis

288 3089 474 3153 avocabant.
526 3088 587 3151 Sed
618 3088 691 3153 licet
720 3109 850 3151 manum
873 3086 1012 3171 vulgaris
1039 3085 1240 3172 pigmentarii

288 3188 481 3275 dedigneris,
494 3188 635 3273 linguam
652 3203 756 3254 tamen
768 3202 800 3251 et
815 3188 972 3251 calamum
988 3210 1087 3274 quum
1101 3186 1241 3251 universi

289 3293 432 3377 pulveris
452 3290 668 3377 pigmentarii,
684 3291 741 3377 qui
765 3303 870 3354 tamen
894 3289 1116 3376 philosophum
1140 3290 1243 3371 decet,

289 3395 354 3457 rint
369 3392 545 3470 redoleant,
557 3416 759 3478 nequaquam
777 3392 912 3456 sufficies
926 3415 1096 3457 excusare:
1120 3414 1193 3455 nam
1208 3404 1241 3456 et

289 3495 419 3582 loquela
444 3509 502 3560 tua
526 3495 728 3560 manifestum
756 3509 788 3559 te
814 3494 902 3571 facit,
928 3508 961 3558 et
990 3493 1241 3559 dissimulantem

290 3599 408 3683 pagina
421 3621 526 3685 nuper
540 3596 617 3660 milri
629 3598 724 3660 missa
737 3597 905 3662 convincit.
941 3600 977 3661 In
993 3597 1131 3660 amicum
1148 3596 1245 3682 siqui·

289 3700 363 3765 dem
386 3700 572 3786 imperitum
595 3722 736 3763 sermone
763 3718 795 3763 et
822 3698 952 3762 scientia
977 3698 1139 3783 ingenium
1162 3697 1244 3762 illud

293 3803 493 3867 Lexoviense
512 3802 625 3879 exeris,
642 3801 783 3886 linguam
807 3801 895 3864 acuis
917 3801 1156 3878 Lexoviensem,
1172 3823 1244 3866 cnm

289 3928 356 3991 qua
371 3925 539 3991 nunquam
555 3924 684 3966 manum
700 3925 861 3966 conserere
877 3902 954 3965 mihi
976 3903 1174 3988 propositum
1197 3914 1246 3966 est

291 4009 332 4073 ab
354 4007 458 4083 initio,
473 4020 506 4070 et
521 4006 609 4069 velut
628 4016 734 4068 orator
755 4020 947 4091 praepotens,
964 4026 1048 4068 nunc
1070 4017 1126 4068 tua
1149 4004 1247 4069 stabi·

292 4111 381 4186 liena,
398 4130 485 4174 nunc
506 4106 673 4170 destruens
688 4105 800 4180 aliena,
818 4104 894 4169 milri
909 4128 1035 4170 omnem
1057 4104 1248 4169 defensionis

290 4208 465 4298 praeludis
481 4208 578 4283 riam,
592 4220 624 4272 et
645 4208 778 4293 quidem
801 4208 957 4294 praeclusa
972 4221 1064 4285 esset,
1080 4220 1115 4271 ut
1131 4208 1248 4269 mutire

290 4334 351 4376 non
367 4330 511 4397 possem,
521 4307 547 4370 si
563 4308 788 4394 occupationes
804 4330 888 4372 meas
899 4306 1039 4372 novisses
1053 4307 1093 4370 ad
1110 4307 1250 4393 plenum.

287 4412 350 4479 Sed
361 4414 396 4479 in
408 4435 449 4476 eo
464 4410 547 4473 bene
558 4429 631 4472 curn
644 4408 857 4493 simplicibus,
870 4408 930 4471 mei
947 4406 1066 4470 scilicet
1084 4405 1251 4482 similibus,
