3034 5500
286 759 396 839 llud]
671 776 850 823 urrsrons.
1175 768 1237 826 308

282 941 358 1014 post
372 929 458 994 hauc
482 931 751 1014 conspirationem
772 953 880 995 eorum
901 931 1069 1015 quisquam
1085 932 1117 994 in
1139 953 1235 1014 grege

281 1029 420 1096 Domini
449 1031 566 1095 audeat
594 1032 736 1114 vigilare,
763 1046 796 1096 et
817 1034 965 1115 luporum
994 1033 1237 1112 imminentium,

282 1133 523 1219 predicationis
540 1135 646 1199 officio
661 1136 848 1217 propulsare
863 1135 1006 1197 furorem.

326 1237 383 1300 Ait
405 1236 557 1300 Salomon
579 1238 613 1299 in
639 1237 830 1316 Pr0rerbiis,
854 1238 930 1321 quis
951 1237 1064 1302 melior
1088 1247 1139 1302 est
1162 1238 1237 1302 finis

281 1339 446 1411 orationis,
463 1361 555 1424 quam
581 1340 793 1424 principium:
816 1341 874 1404 sed
889 1341 1032 1425 prolecto
1053 1340 1128 1404 finis
1141 1341 1237 1425 hujus

280 1440 444 1525 principio
467 1440 605 1504 deterior
626 1451 688 1504 est:
722 1442 749 1504 si
772 1442 904 1524 quidem
928 1442 962 1504 in
985 1441 1076 1505 initio
1101 1443 1235 1506 salutem

279 1554 404 1623 optant,
419 1541 608 1624 profitentur
628 1543 857 1621 obedientiam,
872 1554 905 1607 et
924 1543 1046 1606 utinam
1066 1554 1235 1627 utrumque

282 1641 433 1718 fideliter,
445 1655 480 1706 ut
495 1652 606 1707 contra
618 1644 867 1726 prohibitionem
881 1643 1014 1707 Domini
1023 1665 1089 1708 non
1100 1645 1235 1725 loquan-

280 1755 332 1808 tur
363 1746 447 1808 bona
473 1767 547 1809 oum
574 1745 734 1828 proximo,
757 1757 791 1808 et
817 1747 900 1808 mala
929 1746 992 1808 sint
1023 1746 1055 1808 in
1086 1744 1236 1810 cordibus

280 1867 409 1910 eorum:
433 1846 570 1911 subinde
592 1867 726 1925 amaras,
746 1846 803 1909 sed
829 1847 914 1909 nude
938 1847 1056 1927 gratias
1074 1845 1235 1929 agendum

281 1957 332 2010 est
347 1948 430 2011 Deo.
476 1949 595 2028 Falsas,
607 1961 638 2011 et
654 1969 734 2032 quas
749 1949 896 2030 captivus
910 1970 929 2011 a
944 1948 1057 2030 piratis
1070 1949 1234 2012 consuerit

279 2050 300 2082 ‘⁴
317 2058 464 2132 porrecto
480 2050 589 2113 andire
598 2050 743 2133 jugulo,'’
759 2052 935 2113 subtexunt
949 2050 1106 2127 historias,
1117 2051 1234 2134 quibus

275 2150 461 2234 justificant
476 2171 605 2214 causam
620 2151 722 2233 impii,
737 2163 771 2214 et
791 2151 903 2214 dicunt
923 2153 1041 2214 bonurn
1057 2153 1187 2224 malum,
1203 2165 1236 2215 et

279 2253 401 2316 malum
431 2253 571 2315 bonum:
609 2252 695 2317 unde
725 2252 854 2317 tandem
884 2275 942 2337 per
974 2254 1235 2338 consequentiam

278 2353 412 2416 rationis
428 2352 594 2416 videantur
608 2354 742 2417 inferre:
767 2354 856 2417 Reus
880 2368 930 2418 eat
949 2356 1069 2430 mortis,
1086 2355 1142 2438 qui
1157 2376 1234 2418 oon·

278 2452 410 2517 tradicit
424 2453 554 2517 Caesari.
586 2455 703 2517 Nonne
719 2455 785 2530 ille,
796 2474 892 2538 quem
908 2455 1123 2538 praefigurarit
1135 2449 1245 2519 Achi·'

278 2554 402 2638 tophel,
425 2552 529 2618 sudas
552 2555 694 2637 proditor
724 2576 788 2617 non
815 2555 911 2618 modo
937 2557 1062 2620 Judaeis
1090 2558 1124 2618 in
1154 2579 1234 2621 nece

279 2654 412 2732 Christi,
427 2655 483 2718 sed
499 2667 531 2718 et
544 2654 665 2719 Scribis
681 2656 798 2719 nostris
813 2668 844 2720 et
859 2656 1029 2719 Pharisaeis
1044 2656 1234 2738 proditionis

278 2771 312 2822 et
334 2758 498 2843 parricidii
521 2758 706 2841 relinquens
728 2760 923 2842 exemplum,
938 2758 980 2821 ad
1001 2758 1162 2822 Christum
1185 2760 1233 2823 sio

278 2862 426 2937 accessit,
451 2860 564 2922 humili
591 2862 779 2925 salutatione
809 2862 971 2924 honorans
995 2860 1172 2923 Dominum
1201 2873 1234 2924 et

278 2963 482 3044 Magistrum,
502 2962 625 3041 dicens,
648 2965 711 3026 Are
733 2963 851 3040 Rabiri,
874 2964 904 3027 ei
924 2984 1019 3047 quem
1041 2963 1137 3025 verbo
1160 2982 1232 3046 pro-

278 3064 385 3141 debat,
401 3076 434 3127 et
456 3064 588 3135 osculo;
613 3076 646 3127 et
663 3065 802 3129 subinde
825 3087 898 3129 cum
919 3064 1035 3145 gladiis
1050 3076 1081 3127 et
1095 3064 1233 3128 fustibus

277 3164 426 3242 militum,
449 3164 566 3248 quibus
591 3165 643 3227 isti
670 3166 739 3229 freti
764 3179 849 3243 suut,
870 3163 990 3247 iugatis
1012 3164 1179 3247 discipulis
1201 3176 1233 3229 et

277 3267 442 3350 dispersis,
467 3268 561 3330 trusit
585 3267 627 3330 ad
655 3269 821 3352 Principes
850 3268 1069 3343 Sacerdotum,
1100 3278 1135 3331 ut
1164 3268 1231 3332 illic

275 3378 472 3450 argueretur,
495 3379 528 3428 et
549 3387 569 3429 a
589 3367 678 3430 salsis
700 3368 942 3432 convinceretur
961 3368 1107 3445 testibus,
1129 3379 1233 3451 pater·

277 3486 348 3541 nas,
370 3488 442 3549 quar
468 3476 502 3529 et
528 3487 659 3530 avorum
682 3476 766 3545 sunt,
789 3487 942 3531 evacuare
968 3468 1067 3549 leges,
1090 3477 1124 3531 et
1144 3468 1234 3549 leges

277 3567 417 3633 Caesaris
448 3566 649 3650 impugnare,
671 3568 745 3652 quia
768 3590 857 3632 suam
887 3568 1028 3632 Domino
1051 3569 1233 3651 imaginem,

277 3669 417 3733 deducta
431 3671 555 3733 ratione
571 3670 721 3746 Caesarir,
736 3670 874 3735 docebat
888 3692 958 3735 esse
973 3671 1180 3747 reddendam,
1196 3682 1233 3734 ut

276 3790 350 3834 reus
374 3769 535 3834 videretur
556 3771 740 3854 impietatis,
763 3772 839 3855 quia
864 3772 1109 3855 obloquebatur,
1131 3772 1230 3834 recle

279 3873 399 3945 mabat,
415 3872 481 3934 imo
495 3872 695 3955 repugnabat
708 3871 880 3955 iniquitati.

320 3974 446 4037 Dicunt
459 3973 542 4047 heo,
558 3972 615 4035 sed
637 3993 701 4056 qua
721 3972 930 4050 conscientia,
945 3970 1059 4037 viderit
1074 3972 1233 4038 Dominus

277 4089 310 4140 et
318 4075 456 4160 judicet.
502 4075 678 4153 Dominum
699 4094 808 4154 regem
827 4095 893 4136 nou
917 4073 1052 4157 quidem·
1068 4096 1234 4158 nunquam

277 4198 430 4261 peccasse
446 4176 592 4254 dicimus,
607 4176 664 4239 sed
680 4196 805 4258 semper
819 4186 965 4259 paratum
983 4177 1127 4240 Domino
1142 4178 1233 4241 satis·

274 4279 381 4343 lacere
394 4278 595 4341 confidenter
607 4278 744 4341 dicimus
755 4291 789 4341 et
804 4276 1028 4361 praedicamus.
1066 4278 1233 4360 Numquid

278 4400 344 4443 nou
365 4380 463 4444 facies
482 4378 654 4443 meretricis
669 4378 754 4441 sacta
775 4388 824 4440 est
844 4377 901 4455 eis,
916 4389 947 4439 et
961 4380 1048 4440 frons
1063 4374 1233 4441 adamrmte
