3034 5500
284 745 344 803 1⁷0
544 755 680 800 sossius
696 752 980 799 sanssnnnrnssrs
1146 736 1191 815 [s.
1206 755 1234 799 n.

278 906 476 973 coacervavit
490 904 754 991 indignationem,
765 918 801 969 ut
817 903 948 969 domino
965 903 1191 969 cantuariensi
1203 917 1232 969 et

279 1007 465 1073 cancellario
480 1032 539 1072 suo
553 1030 609 1072 rex
625 1007 692 1091 ipse
709 1004 959 1081 denuntiaverit,
974 1027 1028 1068 me
1044 1005 1232 1091 majestatem

280 1111 399 1194 regiam
420 1109 584 1183 minuisse,
600 1121 632 1173 et
646 1108 689 1173 ob
709 1109 770 1172 hoc
788 1108 830 1172 ab
849 1108 1027 1171 amicorum
1049 1120 1083 1170 et
1098 1106 1231 1170 fidelium

279 1234 411 1276 numero
425 1211 672 1278 excludendum.
710 1210 839 1275 Auditis
858 1211 955 1275 etiam
975 1209 1105 1284 litteris,
1122 1209 1232 1295 quibus

280 1315 488 1379 innocentiam
512 1335 614 1377 meam
629 1325 733 1377 vestra
752 1312 934 1397 benignitas
956 1311 1141 1392 excusavit,
1155 1332 1231 1373 men-

279 1416 379 1481 dosus
392 1417 445 1482 ille
459 1430 492 1481 et
507 1416 643 1480 mendax
659 1415 764 1479 dicere
779 1435 876 1478 ausus
891 1428 953 1495 est,
968 1415 1139 1478 Dominae
1148 1434 1230 1496 popa

280 1523 410 1602 scripsit
430 1521 516 1602 quod
537 1521 651 1595 voluit,
681 1539 754 1601 erpo
776 1517 905 1581 domino
926 1520 997 1600 reqi
1018 1520 1134 1602 resero,
1156 1515 1232 1598 quod

282 1643 393 1686 oerum
407 1626 488 1688 noti.
533 1618 701 1687 Provideat
725 1619 824 1704 igitur
847 1619 925 1684 nihi
947 1619 1054 1706 pietas
1073 1633 1186 1699 restra,
1202 1630 1230 1681 et

282 1725 365 1811 regis
378 1725 514 1812 gratiam
529 1723 655 1789 studeat
670 1722 849 1786 reformare.

420 2012 657 2079 EPISTOLA
685 2012 933 2079 ‹lxm-m
950 2033 1105 2079 ananau.

624 2174 762 2238 Domino
776 2176 889 2258 Papae.

325 2311 495 2375 Cnemcus
518 2310 650 2397 quidam
671 2310 711 2374 de
734 2309 856 2374 familia
876 2308 1035 2373 willelmi
1057 2311 1151 2377 boum
1172 2332 1228 2373 me·

282 2411 390 2475 moriae
417 2413 627 2477 Eboracensis
656 2413 897 2500 archiepiscopi,
917 2414 1047 2477 nomine
1078 2413 1229 2501 Sympho-

281 2515 399 2592 manus,
415 2516 446 2578 in
470 2517 640 2602 prasentia
665 2516 746 2602 regis
773 2516 928 2602 Stephani
947 2530 980 2581 et
1000 2515 1228 2602 episcoporum,

280 2628 313 2680 et
322 2615 477 2682 baronum
491 2618 627 2702 anglie,
635 2622 666 2683 in
678 2618 817 2705 quodam
828 2635 987 2683 conventu
997 2617 1114 2682 celebri
1120 2618 1228 2683 Osber·

282 2732 351 2784 tum
368 2719 599 2785 Eboracensem
614 2719 869 2786 archidiaconum
891 2721 1052 2807 impetivit
1067 2741 1163 2806 super
1175 2718 1229 2784 cri·

281 2823 367 2888 mine
377 2824 531 2900 veneficii,
544 2848 608 2911 quo
619 2824 809 2910 praedictum
822 2824 1100 2911 archiepiscopum
1112 2823 1231 2888 dicebat

280 2926 472 3009 extinctum,
493 2950 614 2991 veneno
637 2927 696 2992 sibi
717 2949 774 3013 per
793 2926 1052 2990 archidiaconum
1074 2927 1107 2990 in
1130 2948 1230 2991 mensa

282 3029 414 3092 Domini
430 3032 609 3116 propinato,
630 3037 816 3115 promittens
831 3042 1016 3094 constanter
1036 3051 1069 3092 se
1086 3029 1145 3094 hoc
1159 3028 1229 3092 ferri

280 3129 454 3207 candentis,
470 3142 527 3194 aut
549 3156 651 3218 aquae·
662 3132 825 3207 ferventis,
841 3146 896 3196 aut
916 3132 1158 3208 monomachiae,
1177 3143 1229 3195 aut

280 3230 343 3294 alio
351 3232 477 3317 judicio
488 3235 707 3320 probaturam.
724 3236 884 3300 Osbertns
896 3259 972 3299 vero
980 3235 1229 3301 constantissime

279 3333 396 3398 crimen
421 3335 590 3415 inficiatus,
613 3338 781 3424 privilegio
810 3338 977 3423 dignitatis
998 3351 1030 3402 et
1053 3336 1173 3403 ordinis
1200 3360 1230 3401 se

279 3457 340 3499 non
363 3436 527 3514 laicorum,
550 3440 605 3503 sed
628 3440 839 3505 ecclesiastico
860 3453 986 3505 tautum
1013 3439 1138 3522 judicio
1158 3440 1229 3504 sub·

274 3538 392 3624 jacere,
415 3554 447 3605 et
469 3564 502 3605 se
524 3542 569 3606 illi
586 3566 642 3630 per
664 3545 771 3607 omnia
785 3559 932 3631 paratum
957 3554 1041 3606 stare
1061 3542 1230 3630 respondit

281 3642 375 3705 Datis
385 3665 462 3729 ergo
471 3645 511 3710 ab
524 3645 668 3732 utrisque
678 3646 918 3732 fidejussoribus
926 3645 969 3710 de
981 3644 1038 3710 lite
1049 3644 1231 3731 exequenda

275 3743 372 3828 juxta
386 3746 644 3812 consuetudinem
656 3749 762 3834 gentis
777 3765 892 3814 nostrae
908 3747 939 3811 in
951 3770 1048 3812 mann
1065 3752 1161 3834 regie,
1176 3747 1228 3834 qui

279 3845 372 3910 nobis
382 3860 414 3911 et
422 3848 577 3913 fratribus
587 3851 703 3913 nostris
712 3850 957 3914 reclamantibus
965 3866 999 3915 et
1010 3851 1230 3926 renitentibus,

279 3969 404 4013 causam
422 3952 502 4015 hanc
517 3964 647 4038 propter
662 3952 861 4018 atrocitatem
883 3952 1037 4030 criminis,
1052 3968 1086 4017 et
1101 3954 1176 4040 quia
1194 3974 1230 4016 eo

279 4066 434 4134 praesente
456 4053 580 4119 initiata
594 4068 673 4131 erat,
689 4055 730 4119 ad
745 4055 850 4119 forum
867 4077 960 4119 suum
977 4053 1138 4140 pertinere
1152 4055 1229 4119 dice-

279 4152 345 4229 bat,
357 4157 498 4241 usquein
510 4171 638 4222 octavas
646 4155 944 4245 Epiphaniaedilata
952 4171 1000 4222 est
1006 4158 1226 4223 controversia

326 4257 452 4322 Interea
465 4260 532 4346 regi
549 4260 712 4347 Stephano
727 4259 946 4324 serenissimus
959 4260 1111 4328 dominns
1126 4277 1225 4327 noster

280 4380 335 4420 rex
361 4360 518 4424 Henricus
542 4364 702 4439 successit,
727 4362 768 4426 de
782 4364 876 4447 cujus
898 4362 1058 4441 manibus,
1081 4366 1137 4429 vix
1159 4385 1224 4430 cum
