<?xml version="1.0" encoding="UTF-8"?>
<!DOCTYPE html PUBLIC "-//W3C//DTD XHTML 1.0 Transitional//EN"
    "http://www.w3.org/TR/xhtml1/DTD/xhtml1-transitional.dtd">
<html xmlns="http://www.w3.org/1999/xhtml" xml:lang="en" lang="en">
 <head>
  <title>
</title>
<meta http-equiv="Content-Type" content="text/html;charset=utf-8" />
  <meta name='ocr-system' content='tesseract 3.04.00' />
  <meta name='ocr-capabilities' content='ocr_page ocr_carea ocr_par ocr_line ocrx_word'/>
</head>
<body>
  <div class='ocr_page' id='page_1' title='image "./joannissaresber16johngoog_0261.png"; bbox 0 0 3034 5500; ppageno 0'>
   <div class='ocr_carea' id='block_1_1' title="bbox 290 734 1246 809">
    <p class='ocr_par' dir='ltr' id='par_1_1' title="bbox 290 734 1246 809">
     <span class='ocr_line' id='line_1_1' title="bbox 290 734 1246 809; baseline -0.001 -15"><span class='ocrx_word' id='word_1_1' title='bbox 290 734 402 809; x_wconf 69' lang='lat' dir='ltr'><strong>llus]</strong></span> <span class='ocrx_word' id='word_1_2' title='bbox 612 735 613 739; x_wconf 75' lang='grc'>’</span> <span class='ocrx_word' id='word_1_3' title='bbox 677 746 855 796; x_wconf 70' lang='lat' dir='ltr'><strong>nerstein.</strong></span> <span class='ocrx_word' id='word_1_4' title='bbox 1184 744 1246 800; x_wconf 73' lang='lat'><strong>239</strong></span> 
     </span>
    </p>
   </div>
   <div class='ocr_carea' id='block_1_2' title="bbox 282 900 1246 3002">
    <p class='ocr_par' dir='ltr' id='par_1_2' title="bbox 282 900 1246 3002">
     <span class='ocr_line' id='line_1_2' title="bbox 287 900 1246 990; baseline 0.006 -25"><span class='ocrx_word' id='word_1_5' title='bbox 287 902 432 976; x_wconf 72' lang='lat' dir='ltr'><strong>mutavi,</strong></span> <span class='ocrx_word' id='word_1_6' title='bbox 462 900 520 963; x_wconf 93' lang='lat' dir='ltr'><strong>ubi</strong></span> <span class='ocrx_word' id='word_1_7' title='bbox 542 922 614 964; x_wconf 87' lang='lat' dir='ltr'><strong>vero</strong></span> <span class='ocrx_word' id='word_1_8' title='bbox 637 904 763 966; x_wconf 82' lang='lat' dir='ltr'><strong>Graecis</strong></span> <span class='ocrx_word' id='word_1_9' title='bbox 785 903 980 990; x_wconf 79' lang='lat' dir='ltr'><strong>dictionibus</strong></span> <span class='ocrx_word' id='word_1_10' title='bbox 1002 907 1246 989; x_wconf 68' lang='lat' dir='ltr'><strong>aequipollentes</strong></span> 
     </span>
     <span class='ocr_line' id='line_1_3' title="bbox 286 1000 1245 1088; baseline 0.004 -21"><span class='ocrx_word' id='word_1_11' title='bbox 286 1000 423 1067; x_wconf 74' lang='lat' dir='ltr'><strong>[aduae</strong></span> <span class='ocrx_word' id='word_1_12' title='bbox 453 1022 518 1063; x_wconf 94' lang='lat' dir='ltr'><strong>non</strong></span> <span class='ocrx_word' id='word_1_13' title='bbox 548 1003 661 1084; x_wconf 87' lang='lat' dir='ltr'><strong>reperi,</strong></span> <span class='ocrx_word' id='word_1_14' title='bbox 686 1006 736 1066; x_wconf 84' lang='lat' dir='ltr'><strong>vel</strong></span> <span class='ocrx_word' id='word_1_15' title='bbox 762 1005 983 1088; x_wconf 90' lang='lat' dir='ltr'><strong>loquutionem</strong></span> <span class='ocrx_word' id='word_1_16' title='bbox 1013 1026 1034 1066; x_wconf 89' lang='lat' dir='ltr'><strong>a</strong></span> <span class='ocrx_word' id='word_1_17' title='bbox 1059 1006 1245 1071; x_wconf 90' lang='lat' dir='ltr'><strong>Latinorum</strong></span> 
     </span>
     <span class='ocr_line' id='line_1_4' title="bbox 285 1102 1245 1188; baseline 0.007 -22"><span class='ocrx_word' id='word_1_18' title='bbox 285 1103 442 1168; x_wconf 76' lang='lat' dir='ltr'><strong>idiomate</strong></span> <span class='ocrx_word' id='word_1_19' title='bbox 468 1102 651 1185; x_wconf 87' lang='lat' dir='ltr'><strong>discrepare</strong></span> <span class='ocrx_word' id='word_1_20' title='bbox 677 1106 829 1188; x_wconf 89' lang='lat' dir='ltr'><strong>comperi,</strong></span> <span class='ocrx_word' id='word_1_21' title='bbox 852 1108 901 1169; x_wconf 88' lang='lat' dir='ltr'><strong>vel</strong></span> <span class='ocrx_word' id='word_1_22' title='bbox 929 1106 1062 1171; x_wconf 76' lang='lat' dir='ltr'><strong>Graecas</strong></span> <span class='ocrx_word' id='word_1_23' title='bbox 1087 1107 1245 1173; x_wconf 83' lang='lat' dir='ltr'><strong>dictiones</strong></span> 
     </span>
     <span class='ocr_line' id='line_1_5' title="bbox 287 1203 1245 1293; baseline 0.007 -26"><span class='ocrx_word' id='word_1_24' title='bbox 287 1203 420 1280; x_wconf 89' lang='lat' dir='ltr'><strong>detorsi,</strong></span> <span class='ocrx_word' id='word_1_25' title='bbox 437 1205 487 1268; x_wconf 85' lang='lat' dir='ltr'><strong>vel</strong></span> <span class='ocrx_word' id='word_1_26' title='bbox 507 1203 548 1269; x_wconf 88' lang='lat' dir='ltr'><strong>de</strong></span> <span class='ocrx_word' id='word_1_27' title='bbox 569 1226 667 1268; x_wconf 89' lang='lat' dir='ltr'><strong>sensu</strong></span> <span class='ocrx_word' id='word_1_28' title='bbox 683 1207 824 1271; x_wconf 89' lang='lat' dir='ltr'><strong>auctoris</strong></span> <span class='ocrx_word' id='word_1_29' title='bbox 845 1207 932 1292; x_wconf 90' lang='lat' dir='ltr'><strong>quod</strong></span> <span class='ocrx_word' id='word_1_30' title='bbox 952 1206 1044 1292; x_wconf 91' lang='lat' dir='ltr'><strong>potui</strong></span> <span class='ocrx_word' id='word_1_31' title='bbox 1059 1219 1092 1272; x_wconf 86' lang='lat' dir='ltr'><strong>et</strong></span> <span class='ocrx_word' id='word_1_32' title='bbox 1104 1219 1140 1273; x_wconf 91' lang='lat' dir='ltr'><strong>ut</strong></span> <span class='ocrx_word' id='word_1_33' title='bbox 1154 1211 1245 1293; x_wconf 90' lang='lat' dir='ltr'><strong>potui</strong></span> 
     </span>
     <span class='ocr_line' id='line_1_6' title="bbox 288 1305 1244 1394; baseline 0.004 -24"><span class='ocrx_word' id='word_1_34' title='bbox 288 1306 416 1370; x_wconf 86' lang='lat' dir='ltr'><strong>Latinis</strong></span> <span class='ocrx_word' id='word_1_35' title='bbox 432 1306 630 1370; x_wconf 76' lang='lat' dir='ltr'><strong>dictionibus</strong></span> <span class='ocrx_word' id='word_1_36' title='bbox 645 1305 820 1390; x_wconf 76' lang='lat' dir='ltr'><strong>designari.</strong></span> <span class='ocrx_word' id='word_1_37' title='bbox 851 1309 945 1394; x_wconf 85' lang='lat' dir='ltr'><strong>Saepe</strong></span> <span class='ocrx_word' id='word_1_38' title='bbox 960 1321 1077 1386; x_wconf 87' lang='lat' dir='ltr'><strong>autem,</strong></span> <span class='ocrx_word' id='word_1_39' title='bbox 1092 1311 1149 1374; x_wconf 91' lang='lat' dir='ltr'><strong>ubi</strong></span> <span class='ocrx_word' id='word_1_40' title='bbox 1164 1311 1244 1375; x_wconf 90' lang='lat' dir='ltr'><strong>duas</strong></span> 
     </span>
     <span class='ocr_line' id='line_1_7' title="bbox 288 1408 1244 1494; baseline 0.007 -24"><span class='ocrx_word' id='word_1_41' title='bbox 288 1410 420 1473; x_wconf 82' lang='lat' dir='ltr'><strong>veltres</strong></span> <span class='ocrx_word' id='word_1_42' title='bbox 440 1408 600 1473; x_wconf 80' lang='lat' dir='ltr'><strong>dictiones</strong></span> <span class='ocrx_word' id='word_1_43' title='bbox 622 1410 753 1474; x_wconf 83' lang='lat' dir='ltr'><strong>Latinas</strong></span> <span class='ocrx_word' id='word_1_44' title='bbox 775 1432 834 1494; x_wconf 89' lang='lat' dir='ltr'><strong>pro</strong></span> <span class='ocrx_word' id='word_1_45' title='bbox 854 1432 918 1474; x_wconf 86' lang='lat' dir='ltr'><strong>una</strong></span> <span class='ocrx_word' id='word_1_46' title='bbox 935 1411 1050 1475; x_wconf 80' lang='lat' dir='ltr'><strong>Graeca</strong></span> <span class='ocrx_word' id='word_1_47' title='bbox 1069 1413 1175 1494; x_wconf 90' lang='lat' dir='ltr'><strong>posui,</strong></span> <span class='ocrx_word' id='word_1_48' title='bbox 1189 1435 1244 1477; x_wconf 83' lang='lat' dir='ltr'><strong>eas</strong></span> 
     </span>
     <span class='ocr_line' id='line_1_8' title="bbox 287 1508 1244 1594; baseline 0.004 -22"><span class='ocrx_word' id='word_1_49' title='bbox 287 1509 383 1594; x_wconf 88' lang='lat' dir='ltr'><strong>quasi</strong></span> <span class='ocrx_word' id='word_1_50' title='bbox 407 1529 505 1573; x_wconf 94' lang='lat' dir='ltr'><strong>unam</strong></span> <span class='ocrx_word' id='word_1_51' title='bbox 529 1508 704 1594; x_wconf 75' lang='lat' dir='ltr'><strong>conjunxi:</strong></span> <span class='ocrx_word' id='word_1_52' title='bbox 744 1532 810 1574; x_wconf 91' lang='lat' dir='ltr'><strong>non</strong></span> <span class='ocrx_word' id='word_1_53' title='bbox 837 1510 925 1594; x_wconf 92' lang='lat' dir='ltr'><strong>qnod</strong></span> <span class='ocrx_word' id='word_1_54' title='bbox 949 1531 1046 1573; x_wconf 88' lang='lat' dir='ltr'><strong>unam</strong></span> <span class='ocrx_word' id='word_1_55' title='bbox 1069 1509 1244 1576; x_wconf 89' lang='lat' dir='ltr'><strong>dictionem</strong></span> 
     </span>
     <span class='ocr_line' id='line_1_9' title="bbox 287 1611 1244 1696; baseline 0.004 -22"><span class='ocrx_word' id='word_1_56' title='bbox 287 1633 346 1674; x_wconf 88' lang='lat' dir='ltr'><strong>eas</strong></span> <span class='ocrx_word' id='word_1_57' title='bbox 368 1631 439 1675; x_wconf 86' lang='lat' dir='ltr'><strong>esse</strong></span> <span class='ocrx_word' id='word_1_58' title='bbox 461 1613 587 1690; x_wconf 86' lang='lat' dir='ltr'><strong>vellem,</strong></span> <span class='ocrx_word' id='word_1_59' title='bbox 607 1612 664 1676; x_wconf 89' lang='lat' dir='ltr'><strong>sed</strong></span> <span class='ocrx_word' id='word_1_60' title='bbox 687 1623 722 1676; x_wconf 90' lang='lat' dir='ltr'><strong>ut</strong></span> <span class='ocrx_word' id='word_1_61' title='bbox 742 1611 871 1696; x_wconf 88' lang='lat' dir='ltr'><strong>plenior</strong></span> <span class='ocrx_word' id='word_1_62' title='bbox 892 1612 1074 1676; x_wconf 90' lang='lat' dir='ltr'><strong>intellectus</strong></span> <span class='ocrx_word' id='word_1_63' title='bbox 1096 1613 1197 1689; x_wconf 88' lang='lat' dir='ltr'><strong>fieret,</strong></span> <span class='ocrx_word' id='word_1_64' title='bbox 1212 1629 1244 1678; x_wconf 90' lang='lat' dir='ltr'><strong>et</strong></span> 
     </span>
     <span class='ocr_line' id='line_1_10' title="bbox 287 1714 1243 1797; baseline 0.003 -21"><span class='ocrx_word' id='word_1_65' title='bbox 287 1725 442 1796; x_wconf 86' lang='lat' dir='ltr'><strong>quantum</strong></span> <span class='ocrx_word' id='word_1_66' title='bbox 473 1714 643 1794; x_wconf 83' lang='lat' dir='ltr'><strong>elegantias</strong></span> <span class='ocrx_word' id='word_1_67' title='bbox 673 1735 716 1777; x_wconf 85' lang='lat' dir='ltr'><strong>ex</strong></span> <span class='ocrx_word' id='word_1_68' title='bbox 745 1714 858 1797; x_wconf 89' lang='lat' dir='ltr'><strong>inopia</strong></span> <span class='ocrx_word' id='word_1_69' title='bbox 890 1714 1013 1778; x_wconf 86' lang='lat' dir='ltr'><strong>Latinae</strong></span> <span class='ocrx_word' id='word_1_70' title='bbox 1043 1715 1243 1797; x_wconf 90' lang='lat' dir='ltr'><strong>loquutionis</strong></span> 
     </span>
     <span class='ocr_line' id='line_1_11' title="bbox 286 1813 1242 1898; baseline 0.004 -22"><span class='ocrx_word' id='word_1_71' title='bbox 286 1815 509 1878; x_wconf 77' lang='lat' dir='ltr'><strong>tractamsiste</strong></span> <span class='ocrx_word' id='word_1_72' title='bbox 520 1813 680 1898; x_wconf 87' lang='lat' dir='ltr'><strong>perderet,</strong></span> <span class='ocrx_word' id='word_1_73' title='bbox 693 1825 871 1898; x_wconf 86' lang='lat' dir='ltr'><strong>appareret.</strong></span> <span class='ocrx_word' id='word_1_74' title='bbox 902 1815 1035 1880; x_wconf 77' lang='lat' dir='ltr'><strong>Confert</strong></span> <span class='ocrx_word' id='word_1_75' title='bbox 1045 1827 1149 1879; x_wconf 85' lang='lat' dir='ltr'><strong>antem</strong></span> <span class='ocrx_word' id='word_1_76' title='bbox 1160 1816 1242 1880; x_wconf 87' lang='lat' dir='ltr'><strong>liber</strong></span> 
     </span>
     <span class='ocr_line' id='line_1_12' title="bbox 285 1913 1239 1999; baseline 0.004 -22"><span class='ocrx_word' id='word_1_77' title='bbox 285 1915 347 1978; x_wconf 84' lang='lat' dir='ltr'><strong>iste</strong></span> <span class='ocrx_word' id='word_1_78' title='bbox 371 1915 543 1999; x_wconf 90' lang='lat' dir='ltr'><strong>plurimum</strong></span> <span class='ocrx_word' id='word_1_79' title='bbox 567 1916 609 1980; x_wconf 89' lang='lat' dir='ltr'><strong>ad</strong></span> <span class='ocrx_word' id='word_1_80' title='bbox 631 1913 873 1998; x_wconf 78' lang='lat' dir='ltr'><strong>intelligentiam</strong></span> <span class='ocrx_word' id='word_1_81' title='bbox 897 1917 1039 1979; x_wconf 90' lang='lat' dir='ltr'><strong>omnium</strong></span> <span class='ocrx_word' id='word_1_82' title='bbox 1061 1916 1239 1981; x_wconf 83' lang='lat' dir='ltr'><strong>divinarum</strong></span> 
     </span>
     <span class='ocr_line' id='line_1_13' title="bbox 287 2017 1241 2101; baseline 0.002 -21"><span class='ocrx_word' id='word_1_83' title='bbox 287 2017 524 2101; x_wconf 75' lang='lat' dir='ltr'><strong>scripturarum,</strong></span> <span class='ocrx_word' id='word_1_84' title='bbox 549 2018 584 2081; x_wconf 92' lang='lat' dir='ltr'><strong>in</strong></span> <span class='ocrx_word' id='word_1_85' title='bbox 610 2018 726 2101; x_wconf 91' lang='lat' dir='ltr'><strong>quibus</strong></span> <span class='ocrx_word' id='word_1_86' title='bbox 753 2017 793 2080; x_wconf 88' lang='lat' dir='ltr'><strong>de</strong></span> <span class='ocrx_word' id='word_1_87' title='bbox 817 2018 911 2082; x_wconf 86' lang='lat' dir='ltr'><strong>sactis</strong></span> <span class='ocrx_word' id='word_1_88' title='bbox 934 2030 989 2081; x_wconf 90' lang='lat' dir='ltr'><strong>aut</strong></span> <span class='ocrx_word' id='word_1_89' title='bbox 1016 2017 1113 2081; x_wconf 89' lang='lat' dir='ltr'><strong>dictis</strong></span> <span class='ocrx_word' id='word_1_90' title='bbox 1138 2019 1241 2100; x_wconf 82' lang='lat' dir='ltr'><strong>agitur</strong></span> 
     </span>
     <span class='ocr_line' id='line_1_14' title="bbox 286 2117 1240 2198; baseline 0.004 -18"><span class='ocrx_word' id='word_1_91' title='bbox 286 2118 482 2198; x_wconf 80' lang='lat' dir='ltr'><strong>angelorum.</strong></span> <span class='ocrx_word' id='word_1_92' title='bbox 528 2117 612 2181; x_wconf 88' lang='lat' dir='ltr'><strong>Nam</strong></span> <span class='ocrx_word' id='word_1_93' title='bbox 636 2119 737 2181; x_wconf 87' lang='lat' dir='ltr'><strong>tribus</strong></span> <span class='ocrx_word' id='word_1_94' title='bbox 764 2119 952 2183; x_wconf 83' lang='lat' dir='ltr'><strong>hierarchiis</strong></span> <span class='ocrx_word' id='word_1_95' title='bbox 979 2140 1091 2182; x_wconf 90' lang='lat' dir='ltr'><strong>omnes</strong></span> <span class='ocrx_word' id='word_1_96' title='bbox 1114 2118 1240 2184; x_wconf 87' lang='lat' dir='ltr'><strong>divinos</strong></span> 
     </span>
     <span class='ocr_line' id='line_1_15' title="bbox 286 2216 1239 2302; baseline 0.004 -22"><span class='ocrx_word' id='word_1_97' title='bbox 286 2216 416 2301; x_wconf 88' lang='lat' dir='ltr'><strong>spiritus</strong></span> <span class='ocrx_word' id='word_1_98' title='bbox 441 2218 705 2302; x_wconf 86' lang='lat' dir='ltr'><strong>comprehendit:</strong></span> <span class='ocrx_word' id='word_1_99' title='bbox 741 2219 884 2302; x_wconf 79' lang='lat' dir='ltr'><strong>singulas</strong></span> <span class='ocrx_word' id='word_1_100' title='bbox 914 2232 1021 2285; x_wconf 83' lang='lat' dir='ltr'><strong>autem</strong></span> <span class='ocrx_word' id='word_1_101' title='bbox 1045 2221 1239 2284; x_wconf 87' lang='lat' dir='ltr'><strong>hierarchias</strong></span> 
     </span>
     <span class='ocr_line' id='line_1_16' title="bbox 285 2320 1238 2405; baseline 0.004 -23"><span class='ocrx_word' id='word_1_102' title='bbox 285 2321 319 2382; x_wconf 94' lang='lat' dir='ltr'><strong>in</strong></span> <span class='ocrx_word' id='word_1_103' title='bbox 349 2330 414 2383; x_wconf 89' lang='lat' dir='ltr'><strong>tres</strong></span> <span class='ocrx_word' id='word_1_104' title='bbox 442 2320 571 2384; x_wconf 89' lang='lat' dir='ltr'><strong>ordines</strong></span> <span class='ocrx_word' id='word_1_105' title='bbox 601 2320 774 2397; x_wconf 87' lang='lat' dir='ltr'><strong>distribuit,</strong></span> <span class='ocrx_word' id='word_1_106' title='bbox 799 2336 832 2385; x_wconf 90' lang='lat' dir='ltr'><strong>et</strong></span> <span class='ocrx_word' id='word_1_107' title='bbox 857 2321 897 2386; x_wconf 94' lang='lat' dir='ltr'><strong>de</strong></span> <span class='ocrx_word' id='word_1_108' title='bbox 928 2323 1062 2405; x_wconf 82' lang='lat' dir='ltr'><strong>singulis</strong></span> <span class='ocrx_word' id='word_1_109' title='bbox 1088 2323 1238 2386; x_wconf 88' lang='lat' dir='ltr'><strong>altissime</strong></span> 
     </span>
     <span class='ocr_line' id='line_1_17' title="bbox 285 2419 1240 2509; baseline 0.003 -25"><span class='ocrx_word' id='word_1_110' title='bbox 285 2419 424 2485; x_wconf 86' lang='lat' dir='ltr'><strong>disserit.</strong></span> <span class='ocrx_word' id='word_1_111' title='bbox 454 2422 551 2485; x_wconf 89' lang='lat' dir='ltr'><strong>Ponit</strong></span> <span class='ocrx_word' id='word_1_112' title='bbox 559 2436 665 2486; x_wconf 89' lang='lat' dir='ltr'><strong>autem</strong></span> <span class='ocrx_word' id='word_1_113' title='bbox 675 2419 830 2505; x_wconf 88' lang='lat' dir='ltr'><strong>quasdam</strong></span> <span class='ocrx_word' id='word_1_114' title='bbox 848 2422 887 2487; x_wconf 90' lang='lat' dir='ltr'><strong>de</strong></span> <span class='ocrx_word' id='word_1_115' title='bbox 903 2424 1027 2505; x_wconf 82' lang='lat' dir='ltr'><strong>augelis</strong></span> <span class='ocrx_word' id='word_1_116' title='bbox 1036 2420 1240 2509; x_wconf 69' lang='lat' dir='ltr'><strong>quaestiones,</strong></span> 
     </span>
     <span class='ocr_line' id='line_1_18' title="bbox 285 2522 1239 2608; baseline 0.001 -22"><span class='ocrx_word' id='word_1_117' title='bbox 285 2533 318 2586; x_wconf 86' lang='lat' dir='ltr'><strong>at</strong></span> <span class='ocrx_word' id='word_1_118' title='bbox 332 2522 505 2587; x_wconf 89' lang='lat' dir='ltr'><strong>earundem</strong></span> <span class='ocrx_word' id='word_1_119' title='bbox 520 2525 653 2608; x_wconf 88' lang='lat' dir='ltr'><strong>nppouit</strong></span> <span class='ocrx_word' id='word_1_120' title='bbox 668 2525 850 2588; x_wconf 89' lang='lat' dir='ltr'><strong>solutiones.</strong></span> <span class='ocrx_word' id='word_1_121' title='bbox 881 2526 919 2588; x_wconf 89' lang='lat' dir='ltr'><strong>ln</strong></span> <span class='ocrx_word' id='word_1_122' title='bbox 936 2526 1000 2588; x_wconf 86' lang='lat' dir='ltr'><strong>fine</strong></span> <span class='ocrx_word' id='word_1_123' title='bbox 1011 2546 1085 2588; x_wconf 87' lang='lat' dir='ltr'><strong>vero</strong></span> <span class='ocrx_word' id='word_1_124' title='bbox 1099 2526 1239 2589; x_wconf 86' lang='lat' dir='ltr'><strong>rationes</strong></span> 
     </span>
     <span class='ocr_line' id='line_1_19' title="bbox 284 2623 1236 2709; baseline -0.001 -21"><span class='ocrx_word' id='word_1_125' title='bbox 284 2627 422 2708; x_wconf 80' lang='lat' dir='ltr'><strong>exponit</strong></span> <span class='ocrx_word' id='word_1_126' title='bbox 437 2625 606 2709; x_wconf 82' lang='lat' dir='ltr'><strong>figurarum</strong></span> <span class='ocrx_word' id='word_1_127' title='bbox 623 2627 656 2689; x_wconf 90' lang='lat' dir='ltr'><strong>iu</strong></span> <span class='ocrx_word' id='word_1_128' title='bbox 673 2623 780 2689; x_wconf 86' lang='lat' dir='ltr'><strong>Sacris</strong></span> <span class='ocrx_word' id='word_1_129' title='bbox 804 2625 979 2709; x_wconf 90' lang='lat' dir='ltr'><strong>Scripturis</strong></span> <span class='ocrx_word' id='word_1_130' title='bbox 995 2624 1236 2709; x_wconf 76' lang='lat' dir='ltr'><strong>adscripturum.</strong></span> 
     </span>
     <span class='ocr_line' id='line_1_20' title="bbox 283 2727 1234 2793; baseline 0 -3"><span class='ocrx_word' id='word_1_131' title='bbox 283 2727 358 2792; x_wconf 89' lang='lat' dir='ltr'><strong>Erit</strong></span> <span class='ocrx_word' id='word_1_132' title='bbox 381 2740 487 2793; x_wconf 87' lang='lat' dir='ltr'><strong>autem</strong></span> <span class='ocrx_word' id='word_1_133' title='bbox 514 2739 624 2793; x_wconf 85' lang='lat' dir='ltr'><strong>vestrae</strong></span> <span class='ocrx_word' id='word_1_134' title='bbox 655 2727 858 2791; x_wconf 86' lang='lat' dir='ltr'><strong>discretionis</strong></span> <span class='ocrx_word' id='word_1_135' title='bbox 888 2728 972 2793; x_wconf 91' lang='lat' dir='ltr'><strong>hanc</strong></span> <span class='ocrx_word' id='word_1_136' title='bbox 1004 2745 1106 2790; x_wconf 89' lang='lat' dir='ltr'><strong>meam</strong></span> <span class='ocrx_word' id='word_1_137' title='bbox 1136 2737 1234 2790; x_wconf 76' lang='lat' dir='ltr'><strong>unns</strong></span> 
     </span>
     <span class='ocr_line' id='line_1_21' title="bbox 282 2829 1236 2911; baseline -0.003 -18"><span class='ocrx_word' id='word_1_138' title='bbox 282 2830 434 2894; x_wconf 91' lang='lat' dir='ltr'><strong>lationem</strong></span> <span class='ocrx_word' id='word_1_139' title='bbox 452 2853 525 2896; x_wconf 93' lang='lat' dir='ltr'><strong>cum</strong></span> <span class='ocrx_word' id='word_1_140' title='bbox 541 2833 746 2894; x_wconf 82' lang='lat' dir='ltr'><strong>translatione</strong></span> <span class='ocrx_word' id='word_1_141' title='bbox 770 2831 906 2893; x_wconf 86' lang='lat' dir='ltr'><strong>Joannis</strong></span> <span class='ocrx_word' id='word_1_142' title='bbox 928 2829 1019 2893; x_wconf 90' lang='lat' dir='ltr'><strong>Scoti</strong></span> <span class='ocrx_word' id='word_1_143' title='bbox 1041 2848 1236 2911; x_wconf 88' lang='lat' dir='ltr'><strong>comparare.</strong></span> 
     </span>
     <span class='ocr_line' id='line_1_22' title="bbox 283 2926 1236 3002; baseline -0.006 -8"><span class='ocrx_word' id='word_1_144' title='bbox 283 2930 381 3002; x_wconf 91' lang='lat' dir='ltr'><strong>Quod</strong></span> <span class='ocrx_word' id='word_1_145' title='bbox 397 2931 425 2994; x_wconf 90' lang='lat' dir='ltr'><strong>si</strong></span> <span class='ocrx_word' id='word_1_146' title='bbox 439 2932 521 2995; x_wconf 89' lang='lat' dir='ltr'><strong>forte</strong></span> <span class='ocrx_word' id='word_1_147' title='bbox 536 2929 735 2995; x_wconf 89' lang='lat' dir='ltr'><strong>commodius</strong></span> <span class='ocrx_word' id='word_1_148' title='bbox 750 2930 807 2993; x_wconf 93' lang='lat' dir='ltr'><strong>illo</strong></span> <span class='ocrx_word' id='word_1_149' title='bbox 823 2931 911 2992; x_wconf 81' lang='lat' dir='ltr'><strong>risus</strong></span> <span class='ocrx_word' id='word_1_150' title='bbox 925 2929 1012 2991; x_wconf 87' lang='lat' dir='ltr'><strong>suero</strong></span> <span class='ocrx_word' id='word_1_151' title='bbox 1026 2926 1236 2999; x_wconf 89' lang='lat' dir='ltr'><strong>transtulisse,</strong></span> 
     </span>
    </p>
   </div>
   <div class='ocr_carea' id='block_1_3' title="bbox 280 3021 1234 3216">
    <p class='ocr_par' dir='ltr' id='par_1_3' title="bbox 280 3021 1234 3216">
     <span class='ocr_line' id='line_1_23' title="bbox 280 3021 1234 3117; baseline -0.004 -24"><span class='ocrx_word' id='word_1_152' title='bbox 280 3041 315 3094; x_wconf 90' lang='lat' dir='ltr'><strong>ut</strong></span> <span class='ocrx_word' id='word_1_153' title='bbox 327 3031 448 3094; x_wconf 90' lang='lat' dir='ltr'><strong>librum</strong></span> <span class='ocrx_word' id='word_1_154' title='bbox 470 3053 599 3117; x_wconf 90' lang='lat' dir='ltr'><strong>quoque</strong></span> <span class='ocrx_word' id='word_1_155' title='bbox 615 3033 655 3095; x_wconf 89' lang='lat' dir='ltr'><strong>de</strong></span> <span class='ocrx_word' id='word_1_156' title='bbox 671 3031 904 3094; x_wconf 77' lang='lat' dir='ltr'><strong>Ecclesiastico</strong></span> <span class='ocrx_word' id='word_1_157' title='bbox 920 3021 1111 3093; x_wconf 88' lang='lat' dir='ltr'><strong>Hierarchia</strong></span> <span class='ocrx_word' id='word_1_158' title='bbox 1132 3036 1234 3090; x_wconf 85' lang='lat' dir='ltr'><strong>trans-</strong></span> 
     </span>
     <span class='ocr_line' id='line_1_24' title="bbox 280 3133 705 3216; baseline 0 -22"><span class='ocrx_word' id='word_1_159' title='bbox 280 3133 379 3196; x_wconf 83' lang='lat' dir='ltr'><strong>lernm</strong></span> <span class='ocrx_word' id='word_1_160' title='bbox 395 3133 514 3213; x_wconf 83' lang='lat' dir='ltr'><strong>poteris</strong></span> <span class='ocrx_word' id='word_1_161' title='bbox 529 3133 705 3216; x_wconf 88' lang='lat' dir='ltr'><strong>impetrare.</strong></span> 
     </span>
    </p>
   </div>
   <div class='ocr_carea' id='block_1_4' title="bbox 355 3378 1158 3559">
    <p class='ocr_par' dir='ltr' id='par_1_4' title="bbox 355 3378 1158 3559">
     <span class='ocr_line' id='line_1_25' title="bbox 355 3378 1158 3442; baseline -0.009 0"><span class='ocrx_word' id='word_1_162' title='bbox 355 3378 578 3442; x_wconf 79' lang='lat' dir='ltr'><strong>EPlS‘l&#39;OLA</strong></span> <span class='ocrx_word' id='word_1_163' title='bbox 602 3379 758 3442; x_wconf 61' lang='lat' dir='ltr'><strong>Che-sn</strong></span> <span class='ocrx_word' id='word_1_164' title='bbox 772 3392 931 3440; x_wconf 73' lang='lat' dir='ltr'><strong>snnsrsu</strong></span> <span class='ocrx_word' id='word_1_165' title='bbox 948 3394 974 3437; x_wconf 87' lang='lat' dir='ltr'><strong>s.</strong></span> <span class='ocrx_word' id='word_1_166' title='bbox 991 3391 1158 3436; x_wconf 77' lang='lat' dir='ltr'><strong>nortuum.</strong></span> 
     </span>
     <span class='ocr_line' id='line_1_26' title="bbox 645 3477 866 3559; baseline -0.005 -18"><span class='ocrx_word' id='word_1_167' title='bbox 645 3480 688 3559; x_wconf 78' lang='lat' dir='ltr'><strong>[A.</strong></span> <span class='ocrx_word' id='word_1_168' title='bbox 706 3498 737 3542; x_wconf 88' lang='lat' dir='ltr'><strong>n.</strong></span> <span class='ocrx_word' id='word_1_169' title='bbox 756 3477 866 3556; x_wconf 63' lang='lat'>1166]</span> 
     </span>
    </p>
   </div>
   <div class='ocr_carea' id='block_1_5' title="bbox 544 3586 982 3683">
    <p class='ocr_par' dir='ltr' id='par_1_5' title="bbox 544 3586 982 3683">
     <span class='ocr_line' id='line_1_27' title="bbox 544 3586 982 3683; baseline -0.005 -1"><span class='ocrx_word' id='word_1_170' title='bbox 544 3619 663 3683; x_wconf 80' lang='lat' dir='ltr'><strong>Abbati</strong></span> <span class='ocrx_word' id='word_1_171' title='bbox 676 3621 785 3682; x_wconf 79' lang='lat' dir='ltr'><strong>sancti</strong></span> <span class='ocrx_word' id='word_1_172' title='bbox 799 3586 982 3682; x_wconf 73' lang='lat' dir='ltr'><strong>Edmuniii.</strong></span> 
     </span>
    </p>
   </div>
   <div class='ocr_carea' id='block_1_6' title="bbox 275 3744 1237 4434">
    <p class='ocr_par' dir='ltr' id='par_1_6' title="bbox 275 3744 1237 4434">
     <span class='ocr_line' id='line_1_28' title="bbox 323 3744 1235 3829; baseline -0.009 -14"><span class='ocrx_word' id='word_1_173' title='bbox 323 3751 441 3815; x_wconf 74' lang='lat' dir='ltr'><strong>Surus</strong></span> <span class='ocrx_word' id='word_1_174' title='bbox 458 3761 542 3812; x_wconf 88' lang='lat' dir='ltr'><strong>statu</strong></span> <span class='ocrx_word' id='word_1_175' title='bbox 558 3760 673 3821; x_wconf 83' lang='lat' dir='ltr'><strong>vestro,</strong></span> <span class='ocrx_word' id='word_1_176' title='bbox 689 3768 786 3829; x_wconf 90' lang='lat' dir='ltr'><strong>quem</strong></span> <span class='ocrx_word' id='word_1_177' title='bbox 810 3746 900 3809; x_wconf 92' lang='lat' dir='ltr'><strong>Deus</strong></span> <span class='ocrx_word' id='word_1_178' title='bbox 923 3765 1113 3829; x_wconf 91' lang='lat' dir='ltr'><strong>prosperum</strong></span> <span class='ocrx_word' id='word_1_179' title='bbox 1128 3744 1235 3819; x_wconf 86' lang='lat' dir='ltr'><strong>saciat,</strong></span> 
     </span>
     <span class='ocr_line' id='line_1_29' title="bbox 279 3845 1236 3930; baseline -0.011 -13"><span class='ocrx_word' id='word_1_180' title='bbox 279 3874 344 3917; x_wconf 91' lang='lat' dir='ltr'><strong>non</strong></span> <span class='ocrx_word' id='word_1_181' title='bbox 359 3849 527 3916; x_wconf 83' lang='lat' dir='ltr'><strong>sollicitari</strong></span> <span class='ocrx_word' id='word_1_182' title='bbox 542 3870 607 3911; x_wconf 92' lang='lat' dir='ltr'><strong>non</strong></span> <span class='ocrx_word' id='word_1_183' title='bbox 629 3848 744 3926; x_wconf 91' lang='lat' dir='ltr'><strong>debeo,</strong></span> <span class='ocrx_word' id='word_1_184' title='bbox 759 3869 825 3929; x_wconf 83' lang='lat' dir='ltr'><strong>pree</strong></span> <span class='ocrx_word' id='word_1_185' title='bbox 848 3860 954 3911; x_wconf 90' lang='lat' dir='ltr'><strong>mente</strong></span> <span class='ocrx_word' id='word_1_186' title='bbox 972 3847 1091 3930; x_wconf 80' lang='lat' dir='ltr'><strong>jugiter</strong></span> <span class='ocrx_word' id='word_1_187' title='bbox 1112 3845 1236 3907; x_wconf 87' lang='lat' dir='ltr'><strong>habens</strong></span> 
     </span>
     <span class='ocr_line' id='line_1_30' title="bbox 280 3940 1237 4034; baseline -0.009 -17"><span class='ocrx_word' id='word_1_188' title='bbox 280 3954 393 4018; x_wconf 87' lang='lat' dir='ltr'><strong>merita</strong></span> <span class='ocrx_word' id='word_1_189' title='bbox 422 3940 616 4015; x_wconf 87' lang='lat' dir='ltr'><strong>sinceritatis</strong></span> <span class='ocrx_word' id='word_1_190' title='bbox 641 3962 763 4013; x_wconf 73' lang='lat' dir='ltr'><strong>vesun.</strong></span> <span class='ocrx_word' id='word_1_191' title='bbox 815 3951 850 4014; x_wconf 91' lang='lat' dir='ltr'><strong>Si</strong></span> <span class='ocrx_word' id='word_1_192' title='bbox 879 3948 1008 4034; x_wconf 88' lang='lat' dir='ltr'><strong>quidem</strong></span> <span class='ocrx_word' id='word_1_193' title='bbox 1035 3968 1095 4010; x_wconf 88' lang='lat' dir='ltr'><strong>nec</strong></span> <span class='ocrx_word' id='word_1_194' title='bbox 1122 3947 1237 4010; x_wconf 87' lang='lat' dir='ltr'><strong>caritas</strong></span> 
     </span>
     <span class='ocr_line' id='line_1_31' title="bbox 277 4048 1234 4136; baseline -0.011 -16"><span class='ocrx_word' id='word_1_195' title='bbox 277 4056 414 4121; x_wconf 84' lang='lat' dir='ltr'><strong>elabitur</strong></span> <span class='ocrx_word' id='word_1_196' title='bbox 443 4074 501 4136; x_wconf 90' lang='lat' dir='ltr'><strong>per</strong></span> <span class='ocrx_word' id='word_1_197' title='bbox 529 4052 696 4131; x_wconf 87' lang='lat' dir='ltr'><strong>incuriam,</strong></span> <span class='ocrx_word' id='word_1_198' title='bbox 725 4071 786 4113; x_wconf 88' lang='lat' dir='ltr'><strong>nec</strong></span> <span class='ocrx_word' id='word_1_199' title='bbox 817 4050 927 4113; x_wconf 83' lang='lat' dir='ltr'><strong>fraude</strong></span> <span class='ocrx_word' id='word_1_200' title='bbox 967 4048 1144 4131; x_wconf 90' lang='lat' dir='ltr'><strong>surripitur,</strong></span> <span class='ocrx_word' id='word_1_201' title='bbox 1173 4067 1234 4110; x_wconf 88' lang='lat' dir='ltr'><strong>neo</strong></span> 
     </span>
     <span class='ocr_line' id='line_1_32' title="bbox 276 4148 1234 4235; baseline -0.015 -13"><span class='ocrx_word' id='word_1_202' title='bbox 276 4158 439 4222; x_wconf 78' lang='lat' dir='ltr'><strong>excutitur</strong></span> <span class='ocrx_word' id='word_1_203' title='bbox 463 4154 628 4228; x_wconf 82' lang='lat' dir='ltr'><strong>violenter,</strong></span> <span class='ocrx_word' id='word_1_204' title='bbox 650 4172 688 4214; x_wconf 89' lang='lat' dir='ltr'><strong>eo</strong></span> <span class='ocrx_word' id='word_1_205' title='bbox 712 4150 799 4235; x_wconf 90' lang='lat' dir='ltr'><strong>quod</strong></span> <span class='ocrx_word' id='word_1_206' title='bbox 822 4151 855 4212; x_wconf 95' lang='lat' dir='ltr'><strong>in</strong></span> <span class='ocrx_word' id='word_1_207' title='bbox 878 4148 1040 4212; x_wconf 88' lang='lat' dir='ltr'><strong>mentibus</strong></span> <span class='ocrx_word' id='word_1_208' title='bbox 1061 4148 1234 4210; x_wconf 89' lang='lat' dir='ltr'><strong>electorum</strong></span> 
     </span>
     <span class='ocr_line' id='line_1_33' title="bbox 275 4248 1233 4330; baseline -0.017 -5"><span class='ocrx_word' id='word_1_209' title='bbox 275 4259 412 4324; x_wconf 88' lang='lat' dir='ltr'><strong>solidius</strong></span> <span class='ocrx_word' id='word_1_210' title='bbox 426 4279 446 4320; x_wconf 87' lang='lat' dir='ltr'>a</span> <span class='ocrx_word' id='word_1_211' title='bbox 457 4255 586 4320; x_wconf 89' lang='lat' dir='ltr'><strong>Christo</strong></span> <span class='ocrx_word' id='word_1_212' title='bbox 599 4265 632 4316; x_wconf 87' lang='lat' dir='ltr'><strong>et</strong></span> <span class='ocrx_word' id='word_1_213' title='bbox 646 4252 679 4314; x_wconf 94' lang='lat' dir='ltr'><strong>in</strong></span> <span class='ocrx_word' id='word_1_214' title='bbox 693 4250 820 4315; x_wconf 85' lang='lat' dir='ltr'><strong>Christo</strong></span> <span class='ocrx_word' id='word_1_215' title='bbox 833 4251 993 4315; x_wconf 81' lang='lat' dir='ltr'><strong>fundatur.</strong></span> <span class='ocrx_word' id='word_1_216' title='bbox 1033 4248 1233 4330; x_wconf 90' lang='lat' dir='ltr'><strong>Obsequium</strong></span> 
     </span>
     <span class='ocr_line' id='line_1_34' title="bbox 277 4347 1232 4434; baseline -0.019 -8"><span class='ocrx_word' id='word_1_217' title='bbox 277 4381 381 4425; x_wconf 82' lang='lat' dir='ltr'><strong>nteum</strong></span> <span class='ocrx_word' id='word_1_218' title='bbox 395 4357 488 4421; x_wconf 83' lang='lat' dir='ltr'><strong>vobis</strong></span> <span class='ocrx_word' id='word_1_219' title='bbox 498 4353 657 4418; x_wconf 86' lang='lat' dir='ltr'><strong>subtrahit</strong></span> <span class='ocrx_word' id='word_1_220' title='bbox 667 4352 788 4415; x_wconf 86' lang='lat' dir='ltr'><strong>malitia</strong></span> <span class='ocrx_word' id='word_1_221' title='bbox 797 4351 960 4434; x_wconf 87' lang='lat' dir='ltr'><strong>temporis,</strong></span> <span class='ocrx_word' id='word_1_222' title='bbox 972 4347 1029 4412; x_wconf 87' lang='lat' dir='ltr'><strong>sed</strong></span> <span class='ocrx_word' id='word_1_223' title='bbox 1040 4348 1232 4408; x_wconf 83' lang='lat' dir='ltr'><strong>voluntatem</strong></span> 
     </span>
    </p>
   </div>
   <div class='ocr_carea' id='block_1_7' title="bbox 0 0 1522 5500">
    <p class='ocr_par' dir='ltr' id='par_1_7' title="bbox 0 0 1522 5500">
     <span class='ocr_line' id='line_1_35' title="bbox 0 0 1522 5500; baseline 0 4"><span class='ocrx_word' id='word_1_224' title='bbox 0 0 1522 5500; x_wconf 95' lang='lat' dir='ltr'><strong> </strong></span> 
     </span>
    </p>
   </div>
  </div>
 </body>
</html>
