3034 5500
140 772 349 852 tiss-ot]
536 785 716 832 amaruan.
1048 773 1108 831 1⁶5

141 963 203 1006 nou
218 964 354 1027 arguor,
371 939 427 1004 sed
449 938 536 1026 quod
552 938 634 1002 vires
648 961 734 1003 meas
749 937 876 1001 omnino
895 937 1101 1014 transcendit,

138 1058 170 1108 et
186 1043 380 1129 parvitatem
395 1064 496 1106 meam
508 1041 731 1125 magnitudine
742 1039 791 1104 sui
807 1040 924 1125 poterit
936 1061 1100 1114 excusare,

139 1144 171 1206 io
197 1143 414 1207 innocentiam
444 1164 546 1206 meam
572 1139 771 1227 impingitur.
818 1140 912 1204 Solus
936 1140 968 1204 in
998 1163 1099 1225 regno

140 1245 260 1330 regiam
292 1244 383 1309 dicor
410 1244 554 1308 minuere
582 1243 789 1328 majestatem.
834 1245 943 1317 Quum
970 1241 1100 1306 admissi

142 1345 204 1411 mei
233 1346 359 1412 factum
395 1347 580 1430 diligentius
617 1344 811 1430 exprimunt,
841 1344 910 1409 haec
939 1344 970 1408 in
1000 1357 1099 1429 caput

145 1470 251 1512 meum
283 1447 480 1533 intorquent.
531 1446 625 1523 Quod
665 1445 737 1532 quis
767 1466 880 1508 nomeu
918 1446 1100 1508 Romanum

143 1548 232 1635 apud
257 1569 318 1613 nos
342 1547 481 1625 invocat,
505 1548 584 1610 mihi
611 1551 790 1632 imponunt.
836 1545 934 1619 Quod
961 1546 994 1608 in
1021 1545 1101 1608 elec·

145 1650 285 1715 tionibus
311 1649 517 1723 celebrandis,
544 1649 575 1712 in
602 1649 707 1712 causis
737 1646 953 1712 ecclesiasticis
981 1647 1102 1710 exami-

144 1752 271 1830 nandis,
292 1751 343 1815 vel
366 1752 513 1815 umbram
537 1749 694 1814 libertatis
719 1749 817 1813 audet
840 1749 899 1812 sibi
922 1748 1100 1834 Anglorum

143 1854 277 1917 ccclesia
297 1852 474 1927 vendicare,
497 1851 575 1915 mihi
601 1854 803 1935 imputatur;
832 1875 868 1914 ac
887 1850 912 1914 si
935 1849 1102 1914 dominum

145 1954 423 2030 (lantoniensem,
439 1967 472 2018 et
494 1951 575 2017 alios
596 1952 772 2039 episcopos,
787 1953 865 2038 quid
883 1953 986 2016 facere
1007 1973 1100 2036 opor·

147 2071 214 2123 teat
240 2057 328 2120 solus
343 2057 510 2120 instruam.
558 2054 619 2119 His
639 2054 798 2120 decausis
822 2070 910 2120 totus
924 2054 1100 2130 concutior,

145 2159 268 2245 quibus
287 2158 382 2222 etiam
406 2158 594 2242 urgentibus
620 2157 696 2219 mihi
721 2158 863 2223 creditur
888 2157 1018 2222 exilium
1043 2156 1102 2219 im-

145 2261 274 2325 minere.
322 2262 397 2344 Ego
420 2259 501 2323 illud
527 2272 657 2345 propter·
675 2261 847 2345 justitiam,
863 2261 890 2322 si
912 2258 1102 2346 oportuerit,

147 2385 210 2426 non
226 2361 323 2425 modo
345 2361 578 2447 aequanimiter,
594 2361 648 2425 sed
673 2362 767 2426 etiam
783 2385 855 2426 cum
882 2361 1001 2448 gaudio
1024 2359 1103 2425 tole-

147 2466 238 2529 rabo.
284 2464 381 2528 Unde
396 2464 481 2528 infra
504 2462 650 2527 calendas
674 2465 845 2529 Januarias
861 2488 910 2528 me
924 2466 1037 2551 opinor
1061 2463 1103 2527 ab

148 2567 266 2653 Anglia
290 2566 464 2641 exiturum,
486 2579 517 2629 et
540 2566 669 2650 quidem
695 2567 807 2630 habito
833 2566 962 2631 consilio
988 2579 1102 2637 vestro,

146 2682 181 2733 et
198 2679 398 2731 moraturum
414 2665 446 2728 in
471 2664 595 2746 Galliis,
610 2681 643 2730 et
658 2667 733 2730 inde
747 2667 788 2730 ad
814 2672 989 2731 Romanam
1006 2666 1105 2729 eccle-

147 2770 229 2834 siam
245 2768 467 2833 transiturum.
514 2765 647 2831 Interim
663 2782 800 2853 quantas
815 2790 944 2851 possum
968 2766 1104 2831 bonitati

149 2886 267 2937 vestrae
282 2869 401 2955 gratias
415 2892 476 2953 ago
491 2890 550 2954 pro
567 2871 685 2933 honore
701 2884 732 2933 et
747 2868 946 2948 liberalitate,
957 2890 1054 2954 quam
1071 2868 1104 2932 in

144 2977 280 3041 fratrem
297 2995 403 3036 meum
418 2972 615 3053 exercuistis,
629 2986 662 3037 et
678 2985 715 3036 ut
731 2972 799 3035 vice
815 2995 883 3036 mea
898 2971 1005 3035 abbati
1028 2969 1105 3035 Bul-

146 3075 319 3143 lecurtensi
342 3073 383 3137 de
407 3072 585 3140 visitatione
608 3075 719 3139 fratris
741 3075 803 3137 mei
823 3075 943 3157 gratias
959 3074 1104 3139 reseratis

144 3201 255 3246 exoro.
292 3180 476 3260 Postquam
491 3178 583 3239 Prior
593 3174 634 3239 de
645 3175 884 3240 Cantumerulae
896 3174 1017 3240 litteras
1028 3175 1105 3239 istas

147 3293 272 3347 secreto
286 3278 469 3364 inspexerit,
480 3299 519 3340 ne
534 3276 575 3340 ad
591 3276 699 3343 oculos
714 3291 745 3342 et
762 3300 852 3341 aures
866 3276 1006 3363 plurium
1019 3290 1105 3342 tran·

150 3395 244 3449 seant
259 3380 436 3468 providete.

196 3640 428 3706 EPISTOLA
452 3640 661 3706 CXVI.·-an
677 3659 824 3705 raanan
842 3660 1062 3707 raneosmuu

533 3760 739 3806 cannansan.

394 3876 528 3938 Tlomae
544 3875 724 3957 Praeposito
740 3873 885 3940 Cellenai.

199 3997 380 4059 lnsrsscrrs
394 3991 509 4055 litteris
524 4013 603 4077 quas
618 3991 748 4055 domino
765 3992 901 4058 Cellensi
918 3997 1109 4072 transmitto,

154 4111 275 4161 statum
299 4116 406 4159 meum
429 4115 488 4178 pro
511 4107 601 4180 parte
623 4094 777 4181 conjicere
800 4096 915 4181 poterit
940 4097 1113 4183 prudentia

156 4214 271 4265 restra.
305 4196 400 4275 Quod
411 4209 516 4260 autem
531 4196 708 4282 specialiter
717 4197 758 4261 ad
769 4220 824 4261 vos
833 4212 965 4284 spectat,
975 4200 1113 4264 amicum

158 4317 300 4367 restrum
325 4300 364 4363 P.
387 4320 499 4364 sanum
521 4322 588 4362 esse
610 4300 725 4374 sciatis,
748 4313 781 4364 et
803 4303 1002 4379 incolumem,
1023 4313 1055 4364 et
1080 4301 1113 4365 in

158 4425 276 4490 magna
291 4404 503 4489 prosperitate
520 4402 644 4466 versari.
690 4400 786 4467 illum
804 4423 879 4464 vero
892 4424 988 4487 quem
1005 4402 1117 4467 vestris
