<?xml version="1.0" encoding="UTF-8"?>
<!DOCTYPE html PUBLIC "-//W3C//DTD XHTML 1.0 Transitional//EN"
    "http://www.w3.org/TR/xhtml1/DTD/xhtml1-transitional.dtd">
<html xmlns="http://www.w3.org/1999/xhtml" xml:lang="en" lang="en">
 <head>
  <title>
</title>
<meta http-equiv="Content-Type" content="text/html;charset=utf-8" />
  <meta name='ocr-system' content='tesseract 3.04.00' />
  <meta name='ocr-capabilities' content='ocr_page ocr_carea ocr_par ocr_line ocrx_word'/>
</head>
<body>
  <div class='ocr_page' id='page_1' title='image "./joannissaresber16johngoog_0106.png"; bbox 0 0 3034 5500; ppageno 0'>
   <div class='ocr_carea' id='block_1_1' title="bbox 432 763 1392 841">
    <p class='ocr_par' dir='ltr' id='par_1_1' title="bbox 432 763 1392 841">
     <span class='ocr_line' id='line_1_1' title="bbox 432 763 1392 841; baseline -0.008 -13"><span class='ocrx_word' id='word_1_1' title='bbox 432 770 471 828; x_wconf 77' lang='grc'><strong>84</strong></span> <span class='ocrx_word' id='word_1_2' title='bbox 679 780 816 824; x_wconf 75' lang='lat' dir='ltr'><strong>ruamus</strong></span> <span class='ocrx_word' id='word_1_3' title='bbox 832 779 1110 823; x_wconf 75' lang='lat' dir='ltr'><strong>sartasuumansrs</strong></span> <span class='ocrx_word' id='word_1_4' title='bbox 1293 763 1341 841; x_wconf 74' lang='lat' dir='ltr'><strong>[n.</strong></span> <span class='ocrx_word' id='word_1_5' title='bbox 1360 780 1392 821; x_wconf 85' lang='lat' dir='ltr'><strong>n.</strong></span> 
     </span>
    </p>
   </div>
   <div class='ocr_carea' id='block_1_2' title="bbox 433 929 1389 1018">
    <p class='ocr_par' dir='ltr' id='par_1_2' title="bbox 433 929 1389 1018">
     <span class='ocr_line' id='line_1_2' title="bbox 433 929 1389 1018; baseline -0.004 -22"><span class='ocrx_word' id='word_1_6' title='bbox 433 946 558 996; x_wconf 89' lang='lat' dir='ltr'><strong>centum</strong></span> <span class='ocrx_word' id='word_1_7' title='bbox 587 932 677 995; x_wconf 86' lang='lat' dir='ltr'><strong>annis</strong></span> <span class='ocrx_word' id='word_1_8' title='bbox 706 930 847 1018; x_wconf 87' lang='lat' dir='ltr'><strong>possedit</strong></span> <span class='ocrx_word' id='word_1_9' title='bbox 874 929 1032 994; x_wconf 84' lang='lat' dir='ltr'><strong>mutilare.</strong></span> <span class='ocrx_word' id='word_1_10' title='bbox 1071 929 1258 1016; x_wconf 73' lang='lat' dir='ltr'><strong>Stupebant</strong></span> <span class='ocrx_word' id='word_1_11' title='bbox 1286 943 1389 993; x_wconf 87' lang='lat' dir='ltr'><strong>autem</strong></span> 
     </span>
    </p>
   </div>
   <div class='ocr_carea' id='block_1_3' title="bbox 424 1031 1411 4173">
    <p class='ocr_par' dir='ltr' id='par_1_3' title="bbox 424 1031 1411 4173">
     <span class='ocr_line' id='line_1_3' title="bbox 433 1031 1387 1120; baseline -0.005 -22"><span class='ocrx_word' id='word_1_12' title='bbox 433 1057 542 1098; x_wconf 90' lang='lat' dir='ltr'><strong>omnes</strong></span> <span class='ocrx_word' id='word_1_13' title='bbox 560 1057 655 1120; x_wconf 89' lang='lat' dir='ltr'><strong>super</strong></span> <span class='ocrx_word' id='word_1_14' title='bbox 679 1033 759 1097; x_wconf 90' lang='lat' dir='ltr'><strong>tanti</strong></span> <span class='ocrx_word' id='word_1_15' title='bbox 776 1055 873 1096; x_wconf 89' lang='lat' dir='ltr'><strong>ausus</strong></span> <span class='ocrx_word' id='word_1_16' title='bbox 889 1031 1064 1117; x_wconf 85' lang='lat' dir='ltr'><strong>pertinacia</strong></span> <span class='ocrx_word' id='word_1_17' title='bbox 1078 1031 1252 1117; x_wconf 86' lang='lat' dir='ltr'><strong>impunita.</strong></span> <span class='ocrx_word' id='word_1_18' title='bbox 1284 1033 1387 1108; x_wconf 84' lang='lat' dir='ltr'><strong>Quum</strong></span> 
     </span>
     <span class='ocr_line' id='line_1_4' title="bbox 432 1132 1389 1220; baseline -0.004 -21"><span class='ocrx_word' id='word_1_19' title='bbox 432 1149 539 1200; x_wconf 89' lang='lat' dir='ltr'><strong>autem</strong></span> <span class='ocrx_word' id='word_1_20' title='bbox 556 1135 700 1220; x_wconf 92' lang='lat' dir='ltr'><strong>quinque</strong></span> <span class='ocrx_word' id='word_1_21' title='bbox 715 1147 773 1198; x_wconf 91' lang='lat' dir='ltr'><strong>aut</strong></span> <span class='ocrx_word' id='word_1_22' title='bbox 788 1147 908 1219; x_wconf 86' lang='lat' dir='ltr'><strong>septem</strong></span> <span class='ocrx_word' id='word_1_23' title='bbox 924 1133 1148 1218; x_wconf 87' lang='lat' dir='ltr'><strong>interjacentes</strong></span> <span class='ocrx_word' id='word_1_24' title='bbox 1169 1132 1343 1217; x_wconf 71' lang='lat' dir='ltr'><strong>parochiae,</strong></span> <span class='ocrx_word' id='word_1_25' title='bbox 1356 1145 1389 1196; x_wconf 90' lang='lat' dir='ltr'><strong>ut</strong></span> 
     </span>
     <span class='ocr_line' id='line_1_5' title="bbox 432 1233 1390 1320; baseline -0.005 -19"><span class='ocrx_word' id='word_1_26' title='bbox 432 1238 532 1312; x_wconf 82' lang='lat' dir='ltr'><strong>aiunt,</strong></span> <span class='ocrx_word' id='word_1_27' title='bbox 558 1236 693 1300; x_wconf 85' lang='lat' dir='ltr'><strong>oculatae</strong></span> <span class='ocrx_word' id='word_1_28' title='bbox 722 1235 811 1310; x_wconf 84' lang='lat' dir='ltr'><strong>fidei,</strong></span> <span class='ocrx_word' id='word_1_29' title='bbox 841 1235 1043 1298; x_wconf 85' lang='lat' dir='ltr'><strong>manifestent</strong></span> <span class='ocrx_word' id='word_1_30' title='bbox 1073 1233 1228 1312; x_wconf 87' lang='lat' dir='ltr'><strong>fundum,</strong></span> <span class='ocrx_word' id='word_1_31' title='bbox 1258 1233 1300 1296; x_wconf 88' lang='lat' dir='ltr'><strong>de</strong></span> <span class='ocrx_word' id='word_1_32' title='bbox 1329 1257 1390 1320; x_wconf 91' lang='lat' dir='ltr'><strong>quo</strong></span> 
     </span>
     <span class='ocr_line' id='line_1_6' title="bbox 431 1334 1391 1425; baseline -0.003 -22"><span class='ocrx_word' id='word_1_33' title='bbox 431 1339 550 1425; x_wconf 86' lang='lat' dir='ltr'><strong>agitur,</strong></span> <span class='ocrx_word' id='word_1_34' title='bbox 561 1338 650 1401; x_wconf 89' lang='lat' dir='ltr'><strong>nullo</strong></span> <span class='ocrx_word' id='word_1_35' title='bbox 665 1337 762 1400; x_wconf 91' lang='lat' dir='ltr'><strong>modo</strong></span> <span class='ocrx_word' id='word_1_36' title='bbox 776 1336 817 1399; x_wconf 85' lang='lat' dir='ltr'><strong>ad</strong></span> <span class='ocrx_word' id='word_1_37' title='bbox 831 1337 1025 1399; x_wconf 86' lang='lat' dir='ltr'><strong>Cistrensem</strong></span> <span class='ocrx_word' id='word_1_38' title='bbox 1042 1334 1208 1398; x_wconf 86' lang='lat' dir='ltr'><strong>ecclesiam</strong></span> <span class='ocrx_word' id='word_1_39' title='bbox 1221 1334 1391 1420; x_wconf 85' lang='lat' dir='ltr'><strong>pertinere:</strong></span> 
     </span>
     <span class='ocr_line' id='line_1_7' title="bbox 430 1436 1389 1525; baseline -0.004 -21"><span class='ocrx_word' id='word_1_40' title='bbox 430 1455 521 1505; x_wconf 91' lang='lat' dir='ltr'><strong>erant</strong></span> <span class='ocrx_word' id='word_1_41' title='bbox 537 1461 665 1525; x_wconf 91' lang='lat' dir='ltr'><strong>quoque</strong></span> <span class='ocrx_word' id='word_1_42' title='bbox 677 1453 848 1524; x_wconf 83' lang='lat' dir='ltr'><strong>praesentes</strong></span> <span class='ocrx_word' id='word_1_43' title='bbox 862 1437 979 1513; x_wconf 90' lang='lat' dir='ltr'><strong>clerici,</strong></span> <span class='ocrx_word' id='word_1_44' title='bbox 992 1439 1050 1520; x_wconf 91' lang='lat' dir='ltr'><strong>qui</strong></span> <span class='ocrx_word' id='word_1_45' title='bbox 1065 1436 1127 1499; x_wconf 88' lang='lat' dir='ltr'><strong>sibi</strong></span> <span class='ocrx_word' id='word_1_46' title='bbox 1143 1436 1208 1499; x_wconf 88' lang='lat' dir='ltr'><strong>vim</strong></span> <span class='ocrx_word' id='word_1_47' title='bbox 1227 1450 1260 1501; x_wconf 90' lang='lat' dir='ltr'><strong>et</strong></span> <span class='ocrx_word' id='word_1_48' title='bbox 1276 1452 1389 1500; x_wconf 75' lang='lat' dir='ltr'><strong>atroce·</strong></span> 
     </span>
     <span class='ocr_line' id='line_1_8' title="bbox 430 1539 1388 1628; baseline -0.001 -24"><span class='ocrx_word' id='word_1_49' title='bbox 430 1542 563 1628; x_wconf 85' lang='lat' dir='ltr'><strong>injurias</strong></span> <span class='ocrx_word' id='word_1_50' title='bbox 573 1542 677 1606; x_wconf 87' lang='lat' dir='ltr'><strong>illatas</strong></span> <span class='ocrx_word' id='word_1_51' title='bbox 692 1541 919 1626; x_wconf 76' lang='lat' dir='ltr'><strong>querebantur,</strong></span> <span class='ocrx_word' id='word_1_52' title='bbox 930 1554 962 1603; x_wconf 91' lang='lat' dir='ltr'><strong>et</strong></span> <span class='ocrx_word' id='word_1_53' title='bbox 978 1539 1092 1602; x_wconf 89' lang='lat' dir='ltr'><strong>vicinis</strong></span> <span class='ocrx_word' id='word_1_54' title='bbox 1107 1540 1278 1603; x_wconf 79' lang='lat' dir='ltr'><strong>constabat</strong></span> <span class='ocrx_word' id='word_1_55' title='bbox 1293 1539 1388 1603; x_wconf 90' lang='lat' dir='ltr'><strong>omni·</strong></span> 
     </span>
     <span class='ocr_line' id='line_1_9' title="bbox 431 1641 1389 1729; baseline -0.004 -21"><span class='ocrx_word' id='word_1_56' title='bbox 431 1645 501 1725; x_wconf 91' lang='lat' dir='ltr'><strong>bus,</strong></span> <span class='ocrx_word' id='word_1_57' title='bbox 524 1643 612 1729; x_wconf 93' lang='lat' dir='ltr'><strong>quod</strong></span> <span class='ocrx_word' id='word_1_58' title='bbox 639 1642 756 1707; x_wconf 88' lang='lat' dir='ltr'><strong>eisdem</strong></span> <span class='ocrx_word' id='word_1_59' title='bbox 781 1641 979 1728; x_wconf 79' lang='lat' dir='ltr'><strong>parochianis</strong></span> <span class='ocrx_word' id='word_1_60' title='bbox 1002 1641 1187 1706; x_wconf 90' lang='lat' dir='ltr'><strong>sacerdotes</strong></span> <span class='ocrx_word' id='word_1_61' title='bbox 1210 1641 1313 1704; x_wconf 79' lang='lat' dir='ltr'><strong>nostri</strong></span> <span class='ocrx_word' id='word_1_62' title='bbox 1336 1656 1389 1728; x_wconf 88' lang='lat' dir='ltr'><strong>per</strong></span> 
     </span>
     <span class='ocr_line' id='line_1_10' title="bbox 432 1743 1387 1811; baseline -0.004 -1"><span class='ocrx_word' id='word_1_63' title='bbox 432 1760 536 1811; x_wconf 90' lang='lat' dir='ltr'><strong>totum</strong></span> <span class='ocrx_word' id='word_1_64' title='bbox 552 1769 670 1810; x_wconf 91' lang='lat' dir='ltr'><strong>annum</strong></span> <span class='ocrx_word' id='word_1_65' title='bbox 685 1748 791 1809; x_wconf 89' lang='lat' dir='ltr'><strong>omnia</strong></span> <span class='ocrx_word' id='word_1_66' title='bbox 805 1743 912 1808; x_wconf 80' lang='lat' dir='ltr'><strong>divina</strong></span> <span class='ocrx_word' id='word_1_67' title='bbox 924 1743 1114 1807; x_wconf 87' lang='lat' dir='ltr'><strong>ministrant.</strong></span> <span class='ocrx_word' id='word_1_68' title='bbox 1143 1745 1226 1807; x_wconf 84' lang='lat' dir='ltr'><strong>Haec</strong></span> <span class='ocrx_word' id='word_1_69' title='bbox 1242 1758 1274 1808; x_wconf 90' lang='lat' dir='ltr'><strong>et</strong></span> <span class='ocrx_word' id='word_1_70' title='bbox 1291 1743 1387 1807; x_wconf 87' lang='lat' dir='ltr'><strong>multo</strong></span> 
     </span>
     <span class='ocr_line' id='line_1_11' title="bbox 432 1845 1388 1935; baseline -0.003 -24"><span class='ocrx_word' id='word_1_71' title='bbox 432 1848 526 1935; x_wconf 90' lang='lat' dir='ltr'><strong>plura</strong></span> <span class='ocrx_word' id='word_1_72' title='bbox 540 1847 580 1911; x_wconf 91' lang='lat' dir='ltr'><strong>ad</strong></span> <span class='ocrx_word' id='word_1_73' title='bbox 596 1849 761 1911; x_wconf 91' lang='lat' dir='ltr'><strong>dominum</strong></span> <span class='ocrx_word' id='word_1_74' title='bbox 782 1845 1068 1931; x_wconf 89' lang='lat' dir='ltr'><strong>archiepiscopum,</strong></span> <span class='ocrx_word' id='word_1_75' title='bbox 1084 1862 1116 1910; x_wconf 92' lang='lat' dir='ltr'><strong>et</strong></span> <span class='ocrx_word' id='word_1_76' title='bbox 1142 1869 1204 1932; x_wconf 91' lang='lat' dir='ltr'><strong>pro</strong></span> <span class='ocrx_word' id='word_1_77' title='bbox 1224 1860 1329 1932; x_wconf 88' lang='lat' dir='ltr'><strong>parte,</strong></span> <span class='ocrx_word' id='word_1_78' title='bbox 1342 1868 1388 1909; x_wconf 89' lang='lat' dir='ltr'><strong>me</strong></span> 
     </span>
     <span class='ocr_line' id='line_1_12' title="bbox 431 1947 1385 2035; baseline -0.002 -22"><span class='ocrx_word' id='word_1_79' title='bbox 431 1951 545 2027; x_wconf 90' lang='lat' dir='ltr'><strong>invito,</strong></span> <span class='ocrx_word' id='word_1_80' title='bbox 564 1950 688 2035; x_wconf 89' lang='lat' dir='ltr'><strong>prolata</strong></span> <span class='ocrx_word' id='word_1_81' title='bbox 711 1961 797 2023; x_wconf 87' lang='lat' dir='ltr'><strong>sunt,</strong></span> <span class='ocrx_word' id='word_1_82' title='bbox 813 1947 955 2034; x_wconf 84' lang='lat' dir='ltr'><strong>adeoque</strong></span> <span class='ocrx_word' id='word_1_83' title='bbox 979 1947 1123 2033; x_wconf 88' lang='lat' dir='ltr'><strong>undique</strong></span> <span class='ocrx_word' id='word_1_84' title='bbox 1146 1948 1385 2023; x_wconf 84' lang='lat' dir='ltr'><strong>conclamatum,</strong></span> 
     </span>
     <span class='ocr_line' id='line_1_13' title="bbox 436 2047 1389 2136; baseline 0 -25"><span class='ocrx_word' id='word_1_85' title='bbox 436 2062 519 2112; x_wconf 91' lang='lat' dir='ltr'><strong>utet</strong></span> <span class='ocrx_word' id='word_1_86' title='bbox 535 2073 595 2133; x_wconf 90' lang='lat' dir='ltr'><strong>ego</strong></span> <span class='ocrx_word' id='word_1_87' title='bbox 610 2049 651 2112; x_wconf 94' lang='lat' dir='ltr'><strong>de</strong></span> <span class='ocrx_word' id='word_1_88' title='bbox 666 2047 818 2112; x_wconf 89' lang='lat' dir='ltr'><strong>dilatione</strong></span> <span class='ocrx_word' id='word_1_89' title='bbox 839 2049 1023 2113; x_wconf 91' lang='lat' dir='ltr'><strong>nonnullam</strong></span> <span class='ocrx_word' id='word_1_90' title='bbox 1040 2049 1252 2136; x_wconf 85' lang='lat' dir='ltr'><strong>suspicionem</strong></span> <span class='ocrx_word' id='word_1_91' title='bbox 1272 2063 1389 2114; x_wconf 88' lang='lat' dir='ltr'><strong>contra·</strong></span> 
     </span>
     <span class='ocr_line' id='line_1_14' title="bbox 430 2149 1385 2237; baseline 0.003 -26"><span class='ocrx_word' id='word_1_92' title='bbox 430 2149 546 2212; x_wconf 91' lang='lat' dir='ltr'><strong>herem.</strong></span> <span class='ocrx_word' id='word_1_93' title='bbox 572 2149 712 2234; x_wconf 90' lang='lat' dir='ltr'><strong>Praecepi</strong></span> <span class='ocrx_word' id='word_1_94' title='bbox 728 2172 806 2230; x_wconf 84' lang='lat' dir='ltr'><strong>ergo</strong></span> <span class='ocrx_word' id='word_1_95' title='bbox 822 2167 856 2213; x_wconf 92' lang='lat' dir='ltr'><strong>ut</strong></span> <span class='ocrx_word' id='word_1_96' title='bbox 872 2165 1075 2215; x_wconf 88' lang='lat' dir='ltr'><strong>contumaces</strong></span> <span class='ocrx_word' id='word_1_97' title='bbox 1091 2151 1304 2237; x_wconf 87' lang='lat' dir='ltr'><strong>parochianos</strong></span> <span class='ocrx_word' id='word_1_98' title='bbox 1318 2173 1385 2214; x_wconf 86' lang='lat' dir='ltr'><strong>suos</strong></span> 
     </span>
     <span class='ocr_line' id='line_1_15' title="bbox 429 2251 1385 2338; baseline 0.003 -25"><span class='ocrx_word' id='word_1_99' title='bbox 429 2265 562 2327; x_wconf 89' lang='lat' dir='ltr'><strong>vestros,</strong></span> <span class='ocrx_word' id='word_1_100' title='bbox 573 2252 655 2315; x_wconf 91' lang='lat' dir='ltr'><strong>sicut</strong></span> <span class='ocrx_word' id='word_1_101' title='bbox 667 2251 807 2315; x_wconf 88' lang='lat' dir='ltr'><strong>decanus</strong></span> <span class='ocrx_word' id='word_1_102' title='bbox 818 2267 849 2316; x_wconf 90' lang='lat' dir='ltr'><strong>et</strong></span> <span class='ocrx_word' id='word_1_103' title='bbox 861 2253 1003 2338; x_wconf 87' lang='lat' dir='ltr'><strong>synodus</strong></span> <span class='ocrx_word' id='word_1_104' title='bbox 1015 2253 1181 2329; x_wconf 86' lang='lat' dir='ltr'><strong>suadebat,</strong></span> <span class='ocrx_word' id='word_1_105' title='bbox 1195 2253 1385 2319; x_wconf 85' lang='lat' dir='ltr'><strong>anathemati</strong></span> 
     </span>
     <span class='ocr_line' id='line_1_16' title="bbox 429 2354 1384 2441; baseline 0.001 -23"><span class='ocrx_word' id='word_1_106' title='bbox 429 2354 625 2438; x_wconf 87' lang='lat' dir='ltr'><strong>subjugaret.</strong></span> <span class='ocrx_word' id='word_1_107' title='bbox 660 2355 732 2437; x_wconf 84' lang='lat' dir='ltr'><strong>Ego</strong></span> <span class='ocrx_word' id='word_1_108' title='bbox 757 2376 831 2417; x_wconf 87' lang='lat' dir='ltr'><strong>vero</strong></span> <span class='ocrx_word' id='word_1_109' title='bbox 855 2354 908 2417; x_wconf 90' lang='lat' dir='ltr'><strong>die</strong></span> <span class='ocrx_word' id='word_1_110' title='bbox 932 2358 1078 2441; x_wconf 90' lang='lat' dir='ltr'><strong>sequenti</strong></span> <span class='ocrx_word' id='word_1_111' title='bbox 1101 2356 1162 2420; x_wconf 92' lang='lat' dir='ltr'><strong>hoc</strong></span> <span class='ocrx_word' id='word_1_112' title='bbox 1187 2355 1235 2419; x_wconf 80' lang='lat' dir='ltr'><strong>illi</strong></span> <span class='ocrx_word' id='word_1_113' title='bbox 1260 2356 1384 2428; x_wconf 86' lang='lat' dir='ltr'><strong>decano,</strong></span> 
     </span>
     <span class='ocr_line' id='line_1_17' title="bbox 428 2442 1385 2541; baseline -0.002 -22"><span class='ocrx_word' id='word_1_114' title='bbox 428 2454 550 2519; x_wconf 84' lang='lat' dir='ltr'><strong>caeteris</strong></span> <span class='ocrx_word' id='word_1_115' title='bbox 559 2453 772 2531; x_wconf 89' lang='lat' dir='ltr'><strong>audientibus,</strong></span> <span class='ocrx_word' id='word_1_116' title='bbox 784 2455 865 2518; x_wconf 93' lang='lat' dir='ltr'><strong>sicut</strong></span> <span class='ocrx_word' id='word_1_117' title='bbox 878 2456 1058 2541; x_wconf 83' lang='lat' dir='ltr'><strong>injunctum</strong></span> <span class='ocrx_word' id='word_1_118' title='bbox 1071 2442 1178 2521; x_wconf 85' lang='lat' dir='ltr'><strong>fuerat</strong></span> <span class='ocrx_word' id='word_1_119' title='bbox 1190 2455 1385 2521; x_wconf 82' lang='lat' dir='ltr'><strong>denuntiavi.</strong></span> 
     </span>
     <span class='ocr_line' id='line_1_18' title="bbox 429 2556 1385 2644; baseline 0.002 -23"><span class='ocrx_word' id='word_1_120' title='bbox 429 2558 474 2622; x_wconf 87' lang='lat' dir='ltr'><strong>Et</strong></span> <span class='ocrx_word' id='word_1_121' title='bbox 497 2557 565 2621; x_wconf 81' lang='lat' dir='ltr'><strong>haec</strong></span> <span class='ocrx_word' id='word_1_122' title='bbox 587 2571 634 2620; x_wconf 93' lang='lat' dir='ltr'><strong>est</strong></span> <span class='ocrx_word' id='word_1_123' title='bbox 656 2556 710 2620; x_wconf 83' lang='lat' dir='ltr'><strong>ilia</strong></span> <span class='ocrx_word' id='word_1_124' title='bbox 737 2579 806 2620; x_wconf 85' lang='lat' dir='ltr'><strong>mea</strong></span> <span class='ocrx_word' id='word_1_125' title='bbox 828 2558 994 2633; x_wconf 89' lang='lat' dir='ltr'><strong>sententia,</strong></span> <span class='ocrx_word' id='word_1_126' title='bbox 1022 2581 1116 2643; x_wconf 91' lang='lat' dir='ltr'><strong>quam</strong></span> <span class='ocrx_word' id='word_1_127' title='bbox 1144 2582 1185 2623; x_wconf 87' lang='lat' dir='ltr'><strong>ex</strong></span> <span class='ocrx_word' id='word_1_128' title='bbox 1208 2558 1385 2644; x_wconf 83' lang='lat' dir='ltr'><strong>ignorantia</strong></span> 
     </span>
     <span class='ocr_line' id='line_1_19' title="bbox 424 2659 1386 2747; baseline 0.001 -24"><span class='ocrx_word' id='word_1_129' title='bbox 424 2663 509 2747; x_wconf 88' lang='lat' dir='ltr'><strong>juris</strong></span> <span class='ocrx_word' id='word_1_130' title='bbox 523 2659 709 2745; x_wconf 85' lang='lat' dir='ltr'><strong>processisse</strong></span> <span class='ocrx_word' id='word_1_131' title='bbox 725 2674 830 2723; x_wconf 86' lang='lat' dir='ltr'><strong>vestra</strong></span> <span class='ocrx_word' id='word_1_132' title='bbox 845 2660 993 2725; x_wconf 89' lang='lat' dir='ltr'><strong>discretio</strong></span> <span class='ocrx_word' id='word_1_133' title='bbox 1010 2659 1223 2745; x_wconf 88' lang='lat' dir='ltr'><strong>deprehendit</strong></span> <span class='ocrx_word' id='word_1_134' title='bbox 1234 2674 1269 2725; x_wconf 88' lang='lat' dir='ltr'><strong>et</strong></span> <span class='ocrx_word' id='word_1_135' title='bbox 1283 2683 1386 2747; x_wconf 87' lang='lat' dir='ltr'><strong>repre·</strong></span> 
     </span>
     <span class='ocr_line' id='line_1_20' title="bbox 428 2763 1385 2848; baseline -0.001 -20"><span class='ocrx_word' id='word_1_136' title='bbox 428 2763 549 2828; x_wconf 88' lang='lat' dir='ltr'><strong>hendit.</strong></span> <span class='ocrx_word' id='word_1_137' title='bbox 587 2764 642 2825; x_wconf 91' lang='lat' dir='ltr'><strong>Me</strong></span> <span class='ocrx_word' id='word_1_138' title='bbox 658 2763 683 2826; x_wconf 91' lang='lat' dir='ltr'><strong>si</strong></span> <span class='ocrx_word' id='word_1_139' title='bbox 699 2763 833 2848; x_wconf 87' lang='lat' dir='ltr'><strong>quidem</strong></span> <span class='ocrx_word' id='word_1_140' title='bbox 856 2785 998 2828; x_wconf 91' lang='lat' dir='ltr'><strong>sermone</strong></span> <span class='ocrx_word' id='word_1_141' title='bbox 1013 2776 1046 2827; x_wconf 89' lang='lat' dir='ltr'><strong>et</strong></span> <span class='ocrx_word' id='word_1_142' title='bbox 1061 2763 1195 2827; x_wconf 90' lang='lat' dir='ltr'><strong>scientia</strong></span> <span class='ocrx_word' id='word_1_143' title='bbox 1209 2763 1315 2829; x_wconf 80' lang='lat' dir='ltr'><strong>fateor</strong></span> <span class='ocrx_word' id='word_1_144' title='bbox 1329 2763 1385 2827; x_wconf 84' lang='lat' dir='ltr'><strong>inr-</strong></span> 
     </span>
     <span class='ocr_line' id='line_1_21' title="bbox 428 2864 1381 2951; baseline -0.001 -21"><span class='ocrx_word' id='word_1_145' title='bbox 428 2867 578 2951; x_wconf 88' lang='lat' dir='ltr'><strong>peritum,</strong></span> <span class='ocrx_word' id='word_1_146' title='bbox 592 2879 624 2930; x_wconf 91' lang='lat' dir='ltr'><strong>et</strong></span> <span class='ocrx_word' id='word_1_147' title='bbox 647 2865 704 2950; x_wconf 88' lang='lat' dir='ltr'><strong>qui</strong></span> <span class='ocrx_word' id='word_1_148' title='bbox 720 2887 805 2928; x_wconf 92' lang='lat' dir='ltr'><strong>nunc</strong></span> <span class='ocrx_word' id='word_1_149' title='bbox 824 2864 945 2928; x_wconf 88' lang='lat' dir='ltr'><strong>sufficio</strong></span> <span class='ocrx_word' id='word_1_150' title='bbox 964 2868 1082 2929; x_wconf 91' lang='lat' dir='ltr'><strong>intueri</strong></span> <span class='ocrx_word' id='word_1_151' title='bbox 1103 2866 1263 2951; x_wconf 90' lang='lat' dir='ltr'><strong>quicquid</strong></span> <span class='ocrx_word' id='word_1_152' title='bbox 1280 2869 1381 2930; x_wconf 80' lang='lat' dir='ltr'><strong>soluo-</strong></span> 
     </span>
     <span class='ocr_line' id='line_1_22' title="bbox 429 2965 1385 3052; baseline -0.001 -19"><span class='ocrx_word' id='word_1_153' title='bbox 429 2969 499 3033; x_wconf 87' lang='lat' dir='ltr'><strong>ritis</strong></span> <span class='ocrx_word' id='word_1_154' title='bbox 510 2969 707 3052; x_wconf 88' lang='lat' dir='ltr'><strong>impugnare.</strong></span> <span class='ocrx_word' id='word_1_155' title='bbox 732 2968 814 3029; x_wconf 91' lang='lat' dir='ltr'><strong>Nam</strong></span> <span class='ocrx_word' id='word_1_156' title='bbox 827 2965 866 3029; x_wconf 90' lang='lat' dir='ltr'><strong>ad</strong></span> <span class='ocrx_word' id='word_1_157' title='bbox 881 2966 940 3029; x_wconf 86' lang='lat' dir='ltr'><strong>boc</strong></span> <span class='ocrx_word' id='word_1_158' title='bbox 952 2970 1024 3051; x_wconf 87' lang='lat' dir='ltr'><strong>quis</strong></span> <span class='ocrx_word' id='word_1_159' title='bbox 1035 2966 1188 3032; x_wconf 86' lang='lat' dir='ltr'><strong>idoneus?</strong></span> <span class='ocrx_word' id='word_1_160' title='bbox 1208 2967 1272 3031; x_wconf 85' lang='lat' dir='ltr'><strong>Sed</strong></span> <span class='ocrx_word' id='word_1_161' title='bbox 1284 2969 1385 3033; x_wconf 86' lang='lat' dir='ltr'><strong>nescio</strong></span> 
     </span>
     <span class='ocr_line' id='line_1_23' title="bbox 428 3067 1383 3154; baseline -0.001 -20"><span class='ocrx_word' id='word_1_162' title='bbox 428 3094 468 3134; x_wconf 87' lang='lat' dir='ltr'><strong>an</strong></span> <span class='ocrx_word' id='word_1_163' title='bbox 491 3093 529 3132; x_wconf 89' lang='lat' dir='ltr'><strong>ex</strong></span> <span class='ocrx_word' id='word_1_164' title='bbox 553 3082 659 3132; x_wconf 89' lang='lat' dir='ltr'><strong>vestra</strong></span> <span class='ocrx_word' id='word_1_165' title='bbox 684 3067 857 3152; x_wconf 88' lang='lat' dir='ltr'><strong>prudentia</strong></span> <span class='ocrx_word' id='word_1_166' title='bbox 881 3067 969 3132; x_wconf 89' lang='lat' dir='ltr'><strong>istud</strong></span> <span class='ocrx_word' id='word_1_167' title='bbox 996 3071 1196 3154; x_wconf 89' lang='lat' dir='ltr'><strong>processerit,</strong></span> <span class='ocrx_word' id='word_1_168' title='bbox 1218 3069 1309 3154; x_wconf 91' lang='lat' dir='ltr'><strong>quod</strong></span> <span class='ocrx_word' id='word_1_169' title='bbox 1329 3068 1383 3146; x_wconf 90' lang='lat' dir='ltr'><strong>illi,</strong></span> 
     </span>
     <span class='ocr_line' id='line_1_24' title="bbox 428 3169 1384 3256; baseline 0 -22"><span class='ocrx_word' id='word_1_170' title='bbox 428 3171 484 3256; x_wconf 94' lang='lat' dir='ltr'><strong>qui</strong></span> <span class='ocrx_word' id='word_1_171' title='bbox 501 3191 623 3253; x_wconf 87' lang='lat' dir='ltr'><strong>semper</strong></span> <span class='ocrx_word' id='word_1_172' title='bbox 640 3182 755 3231; x_wconf 88' lang='lat' dir='ltr'><strong>nostroe</strong></span> <span class='ocrx_word' id='word_1_173' title='bbox 771 3169 901 3234; x_wconf 80' lang='lat' dir='ltr'><strong>inerunt</strong></span> <span class='ocrx_word' id='word_1_174' title='bbox 917 3169 1134 3255; x_wconf 86' lang='lat' dir='ltr'><strong>jurisdictioni</strong></span> <span class='ocrx_word' id='word_1_175' title='bbox 1148 3170 1299 3256; x_wconf 88' lang='lat' dir='ltr'><strong>subjecti,</strong></span> <span class='ocrx_word' id='word_1_176' title='bbox 1313 3193 1384 3234; x_wconf 89' lang='lat' dir='ltr'><strong>con-</strong></span> 
     </span>
     <span class='ocr_line' id='line_1_25' title="bbox 426 3269 1385 3357; baseline 0.002 -22"><span class='ocrx_word' id='word_1_177' title='bbox 426 3271 579 3357; x_wconf 90' lang='lat' dir='ltr'><strong>cipientes</strong></span> <span class='ocrx_word' id='word_1_178' title='bbox 588 3269 733 3355; x_wconf 89' lang='lat' dir='ltr'><strong>spiritum</strong></span> <span class='ocrx_word' id='word_1_179' title='bbox 745 3271 910 3355; x_wconf 86' lang='lat' dir='ltr'><strong>sapientiae</strong></span> <span class='ocrx_word' id='word_1_180' title='bbox 920 3271 1108 3356; x_wconf 86' lang='lat' dir='ltr'><strong>grandioris,</strong></span> <span class='ocrx_word' id='word_1_181' title='bbox 1120 3272 1193 3354; x_wconf 85' lang='lat' dir='ltr'><strong>[ad]</strong></span> <span class='ocrx_word' id='word_1_182' title='bbox 1208 3272 1385 3337; x_wconf 80' lang='lat' dir='ltr'><strong>vocationes</strong></span> 
     </span>
     <span class='ocr_line' id='line_1_26' title="bbox 428 3364 1411 3461; baseline 0.007 -27"><span class='ocrx_word' id='word_1_183' title='bbox 428 3364 526 3448; x_wconf 85' lang='lat' dir='ltr'><strong>itlius,</strong></span> <span class='ocrx_word' id='word_1_184' title='bbox 537 3372 600 3447; x_wconf 88' lang='lat' dir='ltr'><strong>cui,</strong></span> <span class='ocrx_word' id='word_1_185' title='bbox 610 3372 669 3435; x_wconf 93' lang='lat' dir='ltr'><strong>etsi</strong></span> <span class='ocrx_word' id='word_1_186' title='bbox 685 3392 748 3434; x_wconf 93' lang='lat' dir='ltr'><strong>non</strong></span> <span class='ocrx_word' id='word_1_187' title='bbox 760 3372 929 3460; x_wconf 87' lang='lat' dir='ltr'><strong>episcopali</strong></span> <span class='ocrx_word' id='word_1_188' title='bbox 940 3376 1026 3460; x_wconf 86' lang='lat' dir='ltr'><strong>jure,</strong></span> <span class='ocrx_word' id='word_1_189' title='bbox 1037 3388 1141 3440; x_wconf 90' lang='lat' dir='ltr'><strong>tamen</strong></span> <span class='ocrx_word' id='word_1_190' title='bbox 1152 3376 1384 3461; x_wconf 85' lang='lat' dir='ltr'><strong>metropolitico</strong></span> <span class='ocrx_word' id='word_1_191' title='bbox 1408 3395 1411 3402; x_wconf 90' lang='grc'><em>·</em></span> 
     </span>
     <span class='ocr_line' id='line_1_27' title="bbox 430 3473 1383 3563; baseline 0.003 -25"><span class='ocrx_word' id='word_1_192' title='bbox 430 3473 566 3560; x_wconf 87' lang='lat' dir='ltr'><strong>subjecti</strong></span> <span class='ocrx_word' id='word_1_193' title='bbox 582 3474 723 3553; x_wconf 87' lang='lat' dir='ltr'><strong>suerunt,</strong></span> <span class='ocrx_word' id='word_1_194' title='bbox 735 3474 900 3559; x_wconf 86' lang='lat' dir='ltr'><strong>dedignati</strong></span> <span class='ocrx_word' id='word_1_195' title='bbox 912 3491 986 3540; x_wconf 90' lang='lat' dir='ltr'><strong>sunt</strong></span> <span class='ocrx_word' id='word_1_196' title='bbox 1001 3477 1104 3540; x_wconf 80' lang='lat' dir='ltr'><strong>iacere</strong></span> <span class='ocrx_word' id='word_1_197' title='bbox 1119 3476 1244 3563; x_wconf 91' lang='lat' dir='ltr'><strong>copiam</strong></span> <span class='ocrx_word' id='word_1_198' title='bbox 1261 3481 1322 3558; x_wconf 89' lang='lat' dir='ltr'><strong>sui,</strong></span> <span class='ocrx_word' id='word_1_199' title='bbox 1338 3477 1383 3541; x_wconf 82' lang='lat' dir='ltr'><strong>vel</strong></span> 
     </span>
     <span class='ocr_line' id='line_1_28' title="bbox 428 3576 1382 3662; baseline 0.003 -22"><span class='ocrx_word' id='word_1_200' title='bbox 428 3576 468 3640; x_wconf 90' lang='lat' dir='ltr'><strong>ad</strong></span> <span class='ocrx_word' id='word_1_201' title='bbox 481 3577 550 3641; x_wconf 79' lang='lat' dir='ltr'><strong>hare</strong></span> <span class='ocrx_word' id='word_1_202' title='bbox 567 3592 603 3641; x_wconf 92' lang='lat' dir='ltr'><strong>ut</strong></span> <span class='ocrx_word' id='word_1_203' title='bbox 615 3576 675 3639; x_wconf 87' lang='lat' dir='ltr'><strong>fori</strong></span> <span class='ocrx_word' id='word_1_204' title='bbox 689 3576 926 3662; x_wconf 74' lang='lat' dir='ltr'><strong>praescriptione</strong></span> <span class='ocrx_word' id='word_1_205' title='bbox 939 3591 1113 3642; x_wconf 91' lang='lat' dir='ltr'><strong>uterentur.</strong></span> <span class='ocrx_word' id='word_1_206' title='bbox 1138 3578 1211 3642; x_wconf 85' lang='lat' dir='ltr'><strong>Scio</strong></span> <span class='ocrx_word' id='word_1_207' title='bbox 1221 3578 1305 3643; x_wconf 91' lang='lat' dir='ltr'><strong>enim</strong></span> <span class='ocrx_word' id='word_1_208' title='bbox 1318 3580 1382 3643; x_wconf 78' lang='lat' dir='ltr'><strong>baec</strong></span> 
     </span>
     <span class='ocr_line' id='line_1_29' title="bbox 427 3677 1381 3764; baseline 0 -22"><span class='ocrx_word' id='word_1_209' title='bbox 427 3703 467 3743; x_wconf 84' lang='lat' dir='ltr'><strong>ex</strong></span> <span class='ocrx_word' id='word_1_210' title='bbox 483 3678 549 3743; x_wconf 87' lang='lat' dir='ltr'><strong>alto</strong></span> <span class='ocrx_word' id='word_1_211' title='bbox 564 3678 750 3763; x_wconf 87' lang='lat' dir='ltr'><strong>processisse</strong></span> <span class='ocrx_word' id='word_1_212' title='bbox 765 3678 905 3741; x_wconf 86' lang='lat' dir='ltr'><strong>consilio.</strong></span> <span class='ocrx_word' id='word_1_213' title='bbox 930 3679 1002 3742; x_wconf 94' lang='lat' dir='ltr'><strong>Non</strong></span> <span class='ocrx_word' id='word_1_214' title='bbox 1018 3689 1122 3741; x_wconf 87' lang='lat' dir='ltr'><strong>tamen</strong></span> <span class='ocrx_word' id='word_1_215' title='bbox 1140 3678 1208 3741; x_wconf 80' lang='lat' dir='ltr'><strong>haec</strong></span> <span class='ocrx_word' id='word_1_216' title='bbox 1223 3678 1329 3764; x_wconf 77' lang='lat' dir='ltr'><strong>adlego</strong></span> <span class='ocrx_word' id='word_1_217' title='bbox 1343 3677 1381 3743; x_wconf 79' lang='lat' dir='ltr'><strong>ad</strong></span> 
     </span>
     <span class='ocr_line' id='line_1_30' title="bbox 426 3778 1380 3866; baseline 0.003 -24"><span class='ocrx_word' id='word_1_218' title='bbox 426 3780 662 3845; x_wconf 84' lang='lat' dir='ltr'><strong>excusationem</strong></span> <span class='ocrx_word' id='word_1_219' title='bbox 674 3778 746 3856; x_wconf 89' lang='lat' dir='ltr'><strong>mei,</strong></span> <span class='ocrx_word' id='word_1_220' title='bbox 760 3779 786 3842; x_wconf 89' lang='lat' dir='ltr'><strong>si</strong></span> <span class='ocrx_word' id='word_1_221' title='bbox 797 3803 848 3843; x_wconf 91' lang='lat' dir='ltr'><strong>me</strong></span> <span class='ocrx_word' id='word_1_222' title='bbox 858 3802 926 3843; x_wconf 86' lang='lat' dir='ltr'><strong>esse</strong></span> <span class='ocrx_word' id='word_1_223' title='bbox 938 3780 1076 3866; x_wconf 90' lang='lat' dir='ltr'><strong>inculpa</strong></span> <span class='ocrx_word' id='word_1_224' title='bbox 1087 3780 1380 3864; x_wconf 82' lang='lat' dir='ltr'><strong>pronuntiaveritis,</strong></span> 
     </span>
     <span class='ocr_line' id='line_1_31' title="bbox 426 3879 1381 3968; baseline 0.002 -22"><span class='ocrx_word' id='word_1_225' title='bbox 426 3882 503 3968; x_wconf 90' lang='lat' dir='ltr'><strong>quia</strong></span> <span class='ocrx_word' id='word_1_226' title='bbox 515 3882 598 3945; x_wconf 89' lang='lat' dir='ltr'><strong>malo</strong></span> <span class='ocrx_word' id='word_1_227' title='bbox 613 3905 632 3945; x_wconf 92' lang='lat' dir='ltr'><strong>a</strong></span> <span class='ocrx_word' id='word_1_228' title='bbox 647 3879 737 3945; x_wconf 91' lang='lat' dir='ltr'><strong>vobis</strong></span> <span class='ocrx_word' id='word_1_229' title='bbox 751 3883 874 3945; x_wconf 89' lang='lat' dir='ltr'><strong>veniam</strong></span> <span class='ocrx_word' id='word_1_230' title='bbox 891 3883 1063 3966; x_wconf 82' lang='lat' dir='ltr'><strong>postulare,</strong></span> <span class='ocrx_word' id='word_1_231' title='bbox 1075 3904 1172 3967; x_wconf 93' lang='lat' dir='ltr'><strong>quam</strong></span> <span class='ocrx_word' id='word_1_232' title='bbox 1190 3882 1240 3946; x_wconf 87' lang='lat' dir='ltr'><strong>uti</strong></span> <span class='ocrx_word' id='word_1_233' title='bbox 1256 3883 1381 3948; x_wconf 87' lang='lat' dir='ltr'><strong>rationi·</strong></span> 
     </span>
     <span class='ocr_line' id='line_1_32' title="bbox 427 3983 1381 4067; baseline 0.004 -22"><span class='ocrx_word' id='word_1_234' title='bbox 427 3984 488 4046; x_wconf 89' lang='lat' dir='ltr'><strong>bus</strong></span> <span class='ocrx_word' id='word_1_235' title='bbox 498 3984 592 4067; x_wconf 90' lang='lat' dir='ltr'><strong>juris,</strong></span> <span class='ocrx_word' id='word_1_236' title='bbox 607 3995 638 4046; x_wconf 92' lang='lat' dir='ltr'><strong>et</strong></span> <span class='ocrx_word' id='word_1_237' title='bbox 654 3983 791 4067; x_wconf 84' lang='lat' dir='ltr'><strong>allegare</strong></span> <span class='ocrx_word' id='word_1_238' title='bbox 808 3984 992 4048; x_wconf 87' lang='lat' dir='ltr'><strong>mandatum</strong></span> <span class='ocrx_word' id='word_1_239' title='bbox 1009 3983 1150 4060; x_wconf 89' lang='lat' dir='ltr'><strong>Domini,</strong></span> <span class='ocrx_word' id='word_1_240' title='bbox 1167 3997 1200 4048; x_wconf 89' lang='lat' dir='ltr'><strong>et</strong></span> <span class='ocrx_word' id='word_1_241' title='bbox 1217 3984 1381 4052; x_wconf 77' lang='lat' dir='ltr'><strong>necessita·</strong></span> 
     </span>
     <span class='ocr_line' id='line_1_33' title="bbox 428 4084 1379 4173; baseline 0.004 -27"><span class='ocrx_word' id='word_1_242' title='bbox 428 4096 489 4146; x_wconf 91' lang='lat' dir='ltr'><strong>tem</strong></span> <span class='ocrx_word' id='word_1_243' title='bbox 511 4084 716 4169; x_wconf 85' lang='lat' dir='ltr'><strong>obsequendi.</strong></span> <span class='ocrx_word' id='word_1_244' title='bbox 747 4085 796 4149; x_wconf 84' lang='lat' dir='ltr'><strong>Ad</strong></span> <span class='ocrx_word' id='word_1_245' title='bbox 821 4087 943 4171; x_wconf 89' lang='lat' dir='ltr'><strong>reliqua</strong></span> <span class='ocrx_word' id='word_1_246' title='bbox 966 4090 1093 4151; x_wconf 87' lang='lat' dir='ltr'><strong>seorsim</strong></span> <span class='ocrx_word' id='word_1_247' title='bbox 1118 4087 1379 4173; x_wconf 87' lang='lat' dir='ltr'><strong>respondebitur:</strong></span> 
     </span>
    </p>
   </div>
   <div class='ocr_carea' id='block_1_4' title="bbox 426 4182 1378 4350">
    <p class='ocr_par' dir='ltr' id='par_1_4' title="bbox 426 4182 1378 4350">
     <span class='ocr_line' id='line_1_34' title="bbox 427 4182 1378 4255; baseline 0.008 -8"><span class='ocrx_word' id='word_1_248' title='bbox 427 4182 557 4247; x_wconf 86' lang='lat' dir='ltr'><strong>consulo</strong></span> <span class='ocrx_word' id='word_1_249' title='bbox 586 4198 690 4249; x_wconf 89' lang='lat' dir='ltr'><strong>tamen</strong></span> <span class='ocrx_word' id='word_1_250' title='bbox 720 4200 755 4249; x_wconf 92' lang='lat' dir='ltr'><strong>ut</strong></span> <span class='ocrx_word' id='word_1_251' title='bbox 786 4190 956 4252; x_wconf 85' lang='lat' dir='ltr'><strong>Dominum</strong></span> <span class='ocrx_word' id='word_1_252' title='bbox 985 4210 1087 4253; x_wconf 89' lang='lat' dir='ltr'><strong>meum</strong></span> <span class='ocrx_word' id='word_1_253' title='bbox 1115 4201 1191 4252; x_wconf 89' lang='lat' dir='ltr'><strong>ante</strong></span> <span class='ocrx_word' id='word_1_254' title='bbox 1216 4189 1378 4255; x_wconf 83' lang='lat' dir='ltr'><strong>concilium</strong></span> 
     </span>
     <span class='ocr_line' id='line_1_35' title="bbox 426 4285 569 4350; baseline -0.014 -1"><span class='ocrx_word' id='word_1_255' title='bbox 426 4285 569 4350; x_wconf 82' lang='lat' dir='ltr'><strong>videatis.</strong></span> 
     </span>
    </p>
   </div>
   <div class='ocr_carea' id='block_1_5' title="bbox 0 0 1522 5500">
    <p class='ocr_par' dir='ltr' id='par_1_5' title="bbox 0 0 1522 5500">
     <span class='ocr_line' id='line_1_36' title="bbox 0 0 1522 5500; baseline 0 2"><span class='ocrx_word' id='word_1_256' title='bbox 0 0 1522 5500; x_wconf 95' lang='lat' dir='ltr'><strong> </strong></span> 
     </span>
    </p>
   </div>
  </div>
 </body>
</html>
