3034 5500
421 749 481 810 162
669 762 804 806 Jonuurs
821 759 1102 805 sannsunnrausrs
1284 739 1326 821 [a.
1345 759 1369 805 n.

415 916 447 979 in
464 915 574 1000 aliquo
588 913 723 997 gratiam
740 913 810 995 ejus
825 910 980 986 demerui,
997 910 1218 975 satisfactione
1239 933 1370 996 congrua

411 1017 541 1082 eandem
558 1016 637 1078 mihi
652 1015 744 1078 liceat
762 1014 945 1099 promereri,
964 1030 996 1077 et
1018 1012 1138 1078 exinde
1158 1014 1323 1078 honestius
1342 1026 1369 1077 et

413 1119 555 1195 liberius,
573 1118 620 1181 vel
636 1120 739 1200 gratia
749 1118 939 1194 litterarum,
952 1115 1001 1179 vel
1016 1115 1234 1199 occupatione
1244 1115 1369 1180 alterius

414 1218 525 1296 studii,
542 1231 640 1284 tantae
656 1218 877 1290 sollicitudini,
901 1218 1075 1293 laboribus,
1093 1217 1330 1303 suspicionibus
1342 1230 1370 1280 rt

416 1323 567 1410 periculis
583 1345 633 1386 me
649 1322 754 1407 ipsum
771 1321 958 1384 subtrahere
974 1334 1098 1406 potero.
1132 1321 1231 1384 Nunc
1242 1319 1371 1395 enim,si

414 1425 494 1511 quid
519 1438 603 1488 recte
626 1424 693 1496 fiat,
716 1422 792 1496 alii;
815 1422 839 1486 si
863 1423 942 1508 quid
959 1423 1054 1501 male,
1077 1422 1158 1486 mihi
1174 1421 1369 1486 adscribitur.

419 1526 491 1590 Non
508 1541 555 1591 est
569 1525 687 1589 malum
711 1525 743 1588 in
766 1525 894 1589 civitate
908 1524 997 1609 quod
1019 1547 1081 1608 ego
1104 1545 1169 1587 non
1186 1523 1313 1603 faciam,
1325 1543 1371 1586 me

419 1628 503 1692 forte
523 1630 688 1691 excusabit
710 1626 961 1690 commodissime
983 1627 1130 1690 absentia
1150 1648 1234 1700 mea,
1251 1638 1288 1689 nt
1309 1625 1372 1710 ejus

418 1734 561 1796 animum
584 1728 709 1793 facilius
735 1729 862 1814 possitis
884 1729 1045 1792 inclinare.
1091 1729 1236 1793 Litteras
1257 1725 1371 1790 domini

418 1853 512 1917 papae
535 1854 592 1916 pro
615 1853 665 1893 me
687 1829 838 1894 facientes
859 1829 1019 1894 dilectioni
1046 1842 1160 1893 vestroe
1184 1827 1372 1902 transmitto,

419 1934 548 2018 quassi
572 1933 688 2017 placet,
711 1933 788 1996 mihi
812 1931 937 1997 restitui
968 1932 1112 1997 faciatis:
1135 1954 1191 1996 eas
1213 1931 1293 1994 mibi
1313 1930 1373 1993 sine

419 2034 572 2119 rescripto
589 2056 650 2096 non
668 2048 800 2119 rogatus
816 2033 925 2099 attulit
942 2034 1073 2098 nuntius
1089 2033 1211 2098 domini
1229 2032 1369 2099 Eliensis.

416 2136 512 2199 Hanc
527 2134 646 2198 domini
664 2159 754 2221 papae
773 2137 955 2221 petitionem
972 2135 1369 2203 dominusCantuariensis

419 2236 535 2300 litteris
550 2235 615 2299 suis
632 2239 850 2322 prosequitur.

464 2342 514 2403 De
529 2353 644 2403 caetero
660 2362 767 2402 rerum
781 2354 956 2407 vestrarum
973 2366 1024 2406 me
1039 2365 1147 2407 curam
1164 2343 1283 2408 babere
1296 2365 1371 2430 pre·

419 2439 563 2525 cepistis:
594 2440 695 2505 libens
720 2464 829 2528 pareo,
856 2444 950 2508 etiam
979 2445 1035 2509 ubi
1061 2468 1125 2509 non
1152 2445 1281 2532 proficit
1301 2467 1372 2509 cura

419 2563 500 2607 mea.
546 2543 705 2606 Dominus
720 2556 827 2607 noster
843 2548 1046 2632 propriarum
1066 2547 1272 2611 eeclesiarum
1288 2547 1372 2611 vobis

421 2643 566 2708 subtrahi
583 2647 734 2731 pracepit
749 2646 915 2711 auxilium.
952 2649 1190 2714 Resistentibus
1204 2649 1283 2712 mibi
1298 2648 1372 2723 aliis

313 2812 316 2817 .
422 2747 544 2814 frustra
569 2763 680 2813 contra
705 2763 876 2815 torrentem
904 2753 1007 2818 direxi
1034 2754 1168 2817 brachia
1192 2777 1274 2818 mea.
1318 2754 1375 2815 Vos

422 2865 528 2917 autem
550 2874 645 2939 super
665 2851 735 2917 haec
754 2853 784 2916 ei
807 2855 978 2919 rescribite.
1023 2858 1075 2920 De
1095 2866 1183 2919 statu
1199 2855 1324 2931 insulae,
1344 2868 1373 2917 et

423 2957 523 3020 curiae
537 2956 746 3020 familiaribus
761 2956 852 3021 vobis
866 2957 961 3044 plura
978 2958 1116 3022 scribere
1138 2982 1260 3033 vereor,
1275 2977 1371 3044 quum

423 3081 481 3144 per
501 3059 653 3123 invidiam
670 3059 821 3136 fortune,
842 3057 1020 3124 litterarum
1038 3081 1182 3147 mearum
1198 3061 1284 3138 alie,
1302 3061 1371 3124 inci·

424 3159 501 3223 dunt
517 3159 548 3223 in
564 3159 712 3240 latrones,
729 3161 800 3225 aliae
815 3162 1016 3247 naufragium
1032 3164 1210 3247 patiantur,
1225 3164 1296 3229 alioe
1309 3185 1377 3227 meo

423 3260 592 3346 dispendio
614 3286 647 3325 se
671 3263 876 3350 impudenter
898 3266 1077 3353 principum
1101 3266 1204 3331 oculis
1224 3272 1372 3354 ingerent.

423 3359 463 3425 ln
486 3358 536 3424 his
558 3376 675 3439 tamen,
697 3378 729 3429 et
751 3364 833 3441 aliis,
855 3365 934 3451 quid
957 3390 1007 3430 me
1028 3377 1177 3452 oporteat
1197 3369 1312 3444 facere,
1331 3390 1372 3431 re·

423 3463 575 3529 scribetis.

424 3692 647 3756 EPISTOLA
671 3692 882 3757 CXIV-an
898 3712 1103 3759 nsrrnnnn
1121 3715 1373 3762 resonaremus

670 3812 903 3858 senonensem.
923 3797 1002 3877 [an.
1022 3799 1132 3878 usu]

611 3933 770 3994 Mattiaco
786 3931 980 3995 Precentorr'
995 3935 1192 3999 Senonenri.

469 4068 601 4142 Mrnott,
622 4064 732 4143 amice,
755 4080 787 4128 et
814 4064 917 4145 doleo,
940 4065 964 4128 si
988 4065 1139 4133 dominus
1165 4094 1254 4158 papa
1277 4070 1373 4135 indul·

421 4167 537 4252 gentiae
561 4189 627 4231 suae
649 4165 837 4230 beneficium
856 4167 1024 4241 revocavit,
1040 4183 1073 4234 et
1088 4182 1122 4233 te
1144 4171 1273 4260 illorum
1295 4194 1370 4259 pre·

421 4272 507 4357 cepit
531 4270 637 4333 subire
657 4269 818 4356 judicium
845 4272 902 4357 qui
926 4271 984 4335 tibi
1008 4275 1123 4337 merito
1152 4289 1288 4360 possum
1309 4295 1370 4338 ease

421 4373 573 4457 suspecti,
589 4386 620 4435 et
643 4371 765 4457 absque
788 4395 937 4459 suprema
958 4388 990 4438 et
1006 4374 1071 4438 fere
1094 4375 1274 4442 invincibili
1296 4373 1371 4440 diffi-
