3034 5500
285 747 349 806 282
541 756 677 801 roannrs
692 754 975 801 sanusnemnnsrs
1154 740 1193 818 [a.
1208 761 1236 803 u

284 914 460 998 apostolus,
477 911 593 990 Arene,
609 909 748 984 obsecra,
763 909 913 989 increpo,
929 919 1117 988 opportune
1130 913 1237 993 impor-

284 1025 370 1091 tune,
398 1011 430 1073 id
460 1022 510 1072 est
539 1028 743 1091 quacumque
773 1017 960 1090 opportuna
991 1010 1235 1091 importunitate.

285 1115 352 1177 Sub
363 1123 520 1194 praetextu
537 1120 641 1170 tamen
654 1106 883 1188 appellationis
895 1128 1011 1169 omnes
1027 1129 1062 1169 sc
1078 1109 1118 1170 de
1134 1124 1239 1171 caetero

285 1216 466 1286 tuebuntur,
482 1209 582 1294 parati
603 1207 782 1292 quamlibet
803 1209 965 1271 incurrere
981 1209 1239 1287 inobedientiam,

285 1323 493 1398 expectantes
514 1311 712 1374 interimant
732 1320 868 1372 mortem
890 1309 1017 1373 domini
1032 1333 1136 1395 pape,
1152 1335 1238 1396 qnam

285 1427 408 1499 optant,
432 1426 488 1476 aut
510 1425 659 1485 vestram,
684 1420 740 1474 aut
765 1412 864 1473 alium
896 1433 1024 1485 casum,
1051 1414 1107 1496 qni
1137 1435 1239 1476 eorum

285 1518 415 1582 malitiae
442 1514 667 1598 patrocinetur.
724 1512 799 1575 Rex
828 1512 915 1574 enim
944 1534 964 1575 u
991 1514 1087 1596 cnjus
1117 1536 1239 1577 excom-

287 1617 442 1682 municati
464 1615 690 1678 communione
705 1635 740 1676 se
761 1633 903 1695 unquam
927 1614 1118 1696 suspendit?
1140 1637 1238 1679 nonne

287 1723 317 1784 ei
343 1739 469 1801 semper
490 1716 662 1800 pontifices
685 1728 718 1779 et
741 1715 846 1778 clerus
872 1715 940 1778 sere
967 1726 1055 1778 totus
1077 1718 1240 1780 astiterunt

288 1820 440 1884 adversus
453 1818 682 1892 Dominum,et
692 1815 845 1878 adversus
854 1815 1022 1879 Christum
1031 1816 1123 1900 ejus?
1140 1819 1240 1882 Credo

289 1922 444 1985 tamenin
468 1919 628 2003 episcopis
651 1919 776 2001 aliquos
797 1939 880 1994 esse,
903 1918 960 1999 qui
980 1921 1165 1998 nobiscum,
1181 1921 1239 1982 imo

288 2045 363 2086 cum
383 2022 527 2084 Domino
549 2031 582 2083 et
604 2019 754 2083 Ecclesia
779 2015 859 2102 ejus,
882 2016 967 2081 votis
990 2033 1024 2083 et
1045 2022 1240 2084 orationibus

287 2122 419 2184 firmiter
436 2132 650 2204 perseverant,
665 2119 725 2182 etsi
741 2118 880 2182 inimicis
901 2131 935 2182 et
957 2123 1238 2205 persequutoribus

287 2219 431 2286 ecclesia·
454 2242 587 2303 corpore
612 2233 645 2283 ct
670 2222 769 2283 verbo
793 2234 886 2283 tenus
907 2222 940 2285 in
967 2224 1079 2286 multis
1102 2245 1239 2286 commu·

288 2325 407 2387 niceut.
453 2321 507 2384 Sic
527 2321 686 2384 Jonathas
702 2341 777 2383 cum
800 2321 896 2385 Saule
918 2337 1010 2405 patre
1032 2346 1092 2386 sno
1113 2345 1239 2406 corpore

287 2426 481 2496 versabatur,
501 2421 560 2484 sed
582 2432 650 2485 tota
670 2423 789 2486 mentis
811 2425 994 2489 sinceritate
1017 2447 1093 2489 eum
1117 2418 1238 2489 Daride

288 2526 457 2590 exulabat:
488 2523 543 2587 Sic
569 2523 665 2586 ctiam
692 2523 733 2586 ud
763 2523 824 2585 filii
849 2524 1017 2607 patricidae
1047 2528 1237 2600 consortium

288 2627 389 2693 Cusai
417 2626 599 2690 Arachitem
627 2625 662 2687 in
692 2625 827 2688 exilium
862 2642 1090 2708 properantem
1125 2630 1239 2693 remisit

290 2728 407 2807 David,
421 2730 556 2792 mallens
577 2729 667 2791 illum
690 2748 764 2791 cum
787 2726 898 2792 amicis
919 2727 1028 2793 Sadoc
1042 2742 1075 2793 et
1088 2731 1240 2794 Abiathar

288 2832 507 2897 sacerdotibus
520 2832 602 2894 inter
614 2830 765 2893 inimicos
786 2831 908 2892 utiliter
927 2833 1133 2911 commorari,
1147 2855 1238 2917 quam

288 2933 351 2996 sibi
384 2932 538 2995 inutiliter
571 2932 751 2994 coexulare.
811 2929 977 3001 Quosdam
1014 2933 1237 3017 episcoporum

283 3033 417 3117 justitiae
438 3032 570 3096 Domini
591 3043 624 3096 et
639 3032 729 3094 robis
750 3032 855 3094 farere
875 3054 943 3094 non
964 3033 1089 3113 dubito,
1104 3045 1138 3098 et
1152 3057 1239 3098 max·

286 3137 382 3198 imam
398 3148 518 3219 partem
535 3134 622 3212 cleri,
636 3133 695 3197 etsi
712 3134 816 3195 velex
833 3134 1026 3197 necessitate
1043 3136 1093 3198 vel
1110 3120 1246 3218 pusilla·¹

284 3236 431 3298 nimitate
458 3235 669 3298 dissimulant
725 3235 807 3305 Quis
836 3234 921 3296 enim
952 3236 1105 3318 opinetur
1134 3236 1238 3299 omnia

285 3335 388 3398 sidem
404 3335 563 3398 desectum
579 3336 696 3418 pariter
709 3332 884 3398 sustinere?

327 3438 374 3499 Ut
387 3457 462 3517 ergo
486 3436 525 3497 de
548 3447 665 3499 caetero
687 3458 814 3500 manum
837 3437 1040 3514 contraham,
1057 3440 1237 3515 consilium,

284 3538 370 3622 quod
400 3558 419 3599 a
450 3558 500 3599 me
531 3538 683 3620 quaeritis,
712 3538 864 3619 ingenioli
893 3537 958 3600 mei
985 3538 1069 3601 vires
1099 3539 1236 3615 excedit,

282 3661 388 3725 neque
399 3660 550 3724 umquam
565 3640 643 3702 utin
656 3661 761 3721 regem
777 3639 942 3702 dominum
953 3650 1091 3702 vestrum
1108 3641 1236 3704 anathe-v

284 3743 389 3821 matis,
400 3744 495 3807 autin
508 3741 696 3804 innocentes
708 3742 797 3823 regni
813 3741 920 3804 seratis
935 3742 1129 3805 senteutiam
1144 3744 1236 3805 inter·

283 3841 372 3921 dicti,
382 3845 594 3929 praecipitabo
609 3842 788 3907 consilinm.
834 3840 949 3905 Adhuc
966 3842 1069 3904 fixum
1086 3858 1137 3906 est
1151 3842 1234 3926 apud

280 3966 343 4017 me,
374 3946 461 4027 qnod
498 3946 628 4008 auribus
657 3946 770 4008 vestris
799 3943 941 4007 intimavi
977 3944 1065 4026 apud
1098 3957 1234 4008 castrum

281 4044 486 4123 Theoderici,
502 4068 561 4109 nec
578 4048 619 4108 ab
635 4048 689 4109 illa
703 4046 823 4110 recedo
840 4045 1007 4108 sententia.
1054 4046 1142 4119 Quid
1157 4045 1234 4109 illud

279 4147 331 4220 sit,
356 4146 488 4227 potestis
515 4147 707 4225 meminisse,
731 4147 807 4231 quia
835 4145 920 4209 idem
951 4146 1149 4222 sentiebatis,
1173 4147 1232 4209 hoc

278 4259 384 4310 tamen
401 4244 528 4327 adjicio,
544 4258 580 4309 ut
599 4269 694 4330 super
711 4247 764 4311 his
777 4263 810 4311 et
824 4250 897 4311 aliis
913 4268 985 4331 qnae
1004 4258 1119 4329 postea
1133 4270 1231 4311 emer·

278 4360 397 4420 serunt,
413 4347 588 4411 consulatis
604 4346 769 4411 dominnm
787 4349 1033 4421 Pictaviensem‚
1051 4360 1085 4410 et
1098 4349 1231 4410 aliorum
