3034 5500
426 760 485 818 176
679 772 817 817 JOANNIS
831 771 1112 817 ssitasnaareusrs
1281 753 1324 833 [a
1340 774 1365 819 n,

422 938 531 989 nostra
556 947 736 1011 processum
765 924 805 989 sit
832 925 862 988 in
893 947 989 988 causa
1017 923 1247 989 monachorum
1276 924 1367 988 sancti

423 1027 544 1092 Bertini
561 1025 804 1112 supertecclesia
817 1025 858 1090 de
875 1025 1034 1090 Chilham.
1073 1024 1200 1090 Nobilis
1212 1025 1262 1089 vir
1276 1029 1369 1111 Hngo

421 1130 462 1195 de
484 1134 612 1194 Dorera
633 1153 652 1193 a
674 1130 767 1195 nobis
790 1153 830 1194 ex
853 1129 1004 1194 mandato
1025 1142 1131 1193 restro
1153 1126 1369 1205 commonitos,

421 1246 458 1299 ut
487 1233 653 1320 praelatam
683 1232 846 1297 ecclesiam
877 1256 950 1297 cum
979 1232 1160 1297 ablatorum
1191 1232 1368 1318 integritate

421 1337 602 1402 restitueret
619 1335 791 1416 monachis,
807 1337 862 1422 qui
879 1359 912 1400 se
930 1336 972 1401 ab
993 1358 1031 1398 eo
1047 1334 1204 1399 violenter
1226 1334 1368 1420 spoliatos

419 1463 485 1505 esse
504 1438 800 1525 conquerebantur:
823 1437 986 1524 respondit
1003 1437 1048 1500 eis
1068 1435 1158 1500 nullo
1189 1438 1267 1523 jure
1288 1437 1371 1501 resti·

421 1541 578 1606 tutionem
594 1553 783 1623 competere,
795 1561 896 1624 quum
913 1537 1045 1602 destitui
1057 1559 1121 1601 non
1138 1538 1305 1622 potuerint
1319 1536 1369 1623 qni

422 1664 584 1728 nunquam
601 1642 726 1706 fuerant
748 1641 899 1706 instituti.
945 1641 1172 1705 Detentionem
1196 1642 1224 1705 si
1245 1641 1368 1727 quidem

422 1766 528 1808 rerum
539 1743 704 1830 jamdictae
719 1743 868 1818 ecclesiae,
884 1766 922 1806 ex
939 1765 1002 1827 qua
1018 1743 1075 1806 niti
1093 1743 1298 1822 videbantur,
1312 1766 1369 1808 non

422 1868 492 1922 sno,
515 1844 568 1908 sed
593 1845 718 1908 nomine
744 1843 847 1907 alieno
871 1842 1019 1907 habuisse
1045 1841 1185 1922 dicebat,
1208 1844 1368 1931 cujusdam

422 1946 539 2011 scilicet
566 1944 698 2022 Odnnis,
725 1969 823 2031 quem
853 1946 993 2031 nosipsi
1021 1946 1141 2011 scimus
1170 1965 1367 2012 memoratam

420 2048 580 2112 ecclesiam
598 2047 790 2132 possedisse:
821 2047 877 2111 sed
900 2047 987 2134 quod
1010 2047 1038 2110 ei
1061 2049 1304 2127 renuntiaverit,
1317 2065 1368 2113 sut

420 2171 488 2212 eam
505 2148 558 2211 alii
572 2149 702 2213 cesserit
718 2149 846 2234 penitus
861 2150 1051 2233 ignoramus.
1090 2151 1229 2214 Certum
1244 2172 1367 2236 quoqne

420 2249 574 2316 babemus
587 2249 843 2314 archidiaconum
866 2266 1019 2331 nostrum,
1034 2253 1090 2338 qui
1106 2274 1193 2317 nunc
1216 2267 1265 2317 est
1288 2253 1368 2317 Ebc

420 2355 556 2417 sacensis
570 2351 837 2439 archiepiscopus,
852 2354 1065 2440 appellatione
1087 2355 1280 2442 interposita
1301 2379 1368 2443 pro-

421 2455 572 2532 hibuisse,
585 2476 627 2518 ne
642 2456 787 2519 monachi
811 2457 907 2521 rebus
926 2456 1012 2521 illius
1035 2456 1177 2522 ecclesiae
1199 2482 1233 2523 se
1254 2459 1367 2524 immis-

420 2571 537 2622 cerent.
575 2559 802 2632 Veruntamen,
813 2558 889 2642 quia
899 2558 967 2622 dies
979 2559 1053 2622 mali
1068 2576 1172 2637 erant,
1185 2576 1218 2626 et
1233 2561 1366 2625 famosus

420 2659 475 2724 ille
497 2673 665 2747 tyrannos,
684 2675 716 2723 et
741 2659 881 2724 ecclesiae
903 2674 1019 2725 nostroe
1040 2662 1250 2747 gravissimus
1270 2685 1366 2751 perse-

420 2777 542 2852 quutor
563 2763 743 2831 Willelmus
766 2763 807 2827 de
828 2767 929 2851 Ypra,
949 2766 1002 2829 cui
1020 2764 1199 2851 jamdictus
1223 2766 1298 2831 Odo
1317 2765 1367 2830 sd·

420 2867 573 2943 haerebat,
589 2868 705 2932 nostris
719 2867 879 2954 capitibus
898 2869 1094 2945 imminebat,
1111 2893 1238 2933 necesse
1263 2869 1367 2935 habui-

419 2992 494 3035 mus
518 2970 726 3049 dissimulare‚
746 2970 875 3056 quando
898 2972 1090 3055 patrimonio
1116 2972 1277 3038 Willelmi
1300 2994 1366 3037 con·

421 3086 543 3156 tempta
572 3074 783 3159 appellatione
813 3074 958 3137 monachi
989 3096 1037 3138 res
1063 3073 1199 3151 Odnnis,
1224 3075 1282 3162 qni
1312 3074 1364 3139 sibi

420 3177 634 3261 prospiciebat
661 3181 692 3241 in
723 3190 896 3261 posterum,
922 3178 1049 3241 nomine
1078 3179 1149 3263 ejus
1174 3193 1365 3244 contrectare

419 3290 596 3362 coeperunt.
635 3280 794 3342 Praeterea
808 3281 902 3344 etiam
919 3280 944 3343 si
960 3293 1116 3344 constaret
1130 3284 1303 3347 monachos
1314 3304 1365 3347 sno

419 3379 545 3442 nomine
574 3380 761 3464 possedisse,
792 3381 976 3465 petitionem
1007 3404 1117 3447 eorum
1150 3384 1364 3456 submovebat,

418 3480 527 3544 dicens
541 3503 595 3545 eos
609 3484 795 3567 possessioni
819 3498 852 3548 et
875 3483 924 3548 liti
947 3485 1155 3561 renuntiasse,
1170 3486 1303 3573 quando
1323 3487 1365 3550 eis

421 3584 544 3648 fructus
570 3584 708 3648 ecclesiae
731 3601 893 3672 asportare
917 3587 1073 3671 permisit,
1095 3587 1233 3654 offerens
1255 3612 1288 3653 se
1309 3591 1363 3653 boc

419 3686 680 3753 sufficientissime
706 3688 926 3774 probaturum.
971 3691 1078 3767 Quum
1105 3711 1184 3774 ergo
1211 3691 1301 3757 miles
1322 3694 1364 3756 in·

419 3803 528 3866 staret,
545 3804 582 3854 ut
603 3791 748 3856 monachi
770 3814 859 3855 suam
882 3792 1054 3856 fundarent
1076 3793 1364 3870 intentionem,aut

416 3893 609 3977 exceptionis
630 3895 700 3978 ejus
721 3894 945 3960 admitteretur
967 3896 1126 3981 probatio,
1147 3897 1293 3960 monachi
1315 3895 1363 3959 de·

417 3993 570 4058 clinantes
591 3993 772 4059 conflictum
796 4018 828 4059 se
850 3998 932 4060 citra
956 3996 1168 4080 cognitionem
1194 4020 1299 4064 causa
1320 4020 1363 4061 re·

417 4095 505 4160 stitui
521 4095 734 4179 postulabant.
775 4097 826 4161 Ad
841 4098 908 4162 lraec
920 4097 1009 4161 miles
1021 4112 1156 4162 vestram
1170 4100 1360 4185 majestatem

414 4219 477 4261 non
493 4198 689 4283 praecepisse,
707 4213 741 4261 nt
759 4197 804 4261 illi
819 4202 1072 4274 instituerentur,
1088 4200 1143 4262 sed
1164 4201 1362 4265 restitueren-

415 4313 481 4378 tur,
497 4313 529 4363 et
551 4322 590 4362 ex
607 4300 704 4363 verbo
726 4300 948 4378 restitutionis,
964 4301 1033 4365 aliis
1055 4324 1130 4387 quae
1152 4302 1185 4366 in
1208 4325 1296 4366 sacro
1316 4323 1360 4365 re·

415 4403 534 4488 scripto
549 4415 654 4467 vestro
664 4402 918 4479 continebantur,
930 4426 1034 4469 causae
1048 4404 1260 4489 cognitionem
1275 4404 1360 4469 nobis
