3034 5500
277 735 341 793 932
539 741 675 787 Joauurs
690 734 972 783 saansaanmusrs
1140 714 1181 796 [r.
1196 733 1224 776 n.

282 1000 502 1064 EPISTOLA
526 995 782 1058 uxama-ro
797 1009 1002 1056 usorsraou
1020 1003 1225 1053 aarununurr.

642 1094 687 1174 [Α.
704 1114 735 1158 o.
755 1093 863 1174 1166]

570 1248 732 1330 Magistro
747 1247 946 1310 Ruimurrdo.

324 1386 453 1449 Ruuoa
488 1381 713 1444 acerbissimus
745 1380 954 1456 exulceravit,
984 1390 1019 1442 et
1055 1379 1230 1462 gravissime

282 1489 396 1569 aflligit
418 1485 557 1548 animam
584 1504 699 1558 meam,
726 1503 786 1545 nec
817 1482 878 1545 erit
899 1482 1031 1567 requies
1057 1481 1163 1546 donec
1183 1503 1229 1546 me

282 1590 394 1652 litteris
404 1587 525 1663 vestris,
537 1606 634 1667 super
649 1585 698 1647 his
714 1605 787 1667 quae
801 1582 943 1645 maxime
958 1583 1059 1647 timeo
1075 1583 1229 1647 certiorari

283 1691 460 1770 contingat.
506 1687 709 1770 Scripserunt
726 1685 810 1748 enim
829 1684 907 1747 mihi
928 1686 1010 1748 socii
1032 1685 1233 1763 parisienses,

285 1791 370 1877 quod
395 1791 442 1854 illi
463 1790 520 1873 qui
539 1796 685 1873 quarunt
708 1787 847 1850 animam
868 1784 993 1850 domini
1017 1784 1234 1865 Pictariensis,

285 1895 393 1958 nescio
420 1914 553 1978 quorum
580 1904 707 1955 utentes
731 1891 906 1955 ministerio
930 1902 964 1954 et
993 1901 1062 1956 arte
1088 1892 1182 1955 inerti
1204 1902 1234 1955 et

285 1998 417 2059 omuino
429 1993 622 2071 execranda,
629 1994 660 2056 ei
672 2013 830 2057 venenum
839 1995 1108 2078 propinaverunt:
1124 2016 1166 2059 ex
1175 2016 1234 2080 quo

280 2099 349 2181 jam
364 2096 494 2179 quidam
506 2096 676 2177 religiosus
686 2095 790 2171 Prior,
801 2094 856 2179 qui
872 2095 983 2159 calicis
996 2097 1134 2160 toxicati
1145 2097 1238 2160 fuerat

285 2198 455 2282 particeps,
480 2197 562 2259 obiit
592 2209 624 2259 et
653 2197 835 2282 episcopus,
864 2208 900 2261 ut
928 2198 1032 2276 aiunt,
1059 2199 1179 2262 incidit
1204 2199 1236 2261 in

284 2300 478 2379 languorem.
522 2296 630 2358 Timui
653 2319 739 2380 ergo,
755 2309 788 2361 et
801 2297 899 2361 timeo
922 2319 1020 2382 supra
1042 2299 1186 2379 modum,
1199 2321 1235 2363 eo

286 2402 373 2489 quod
400 2401 506 2465 audivi
530 2401 745 2483 quorumdam
774 2402 936 2480 invidiam,
966 2414 999 2466 et
1029 2404 1171 2488 aliquem
1198 2401 1236 2468 de

287 2504 449 2589 episcopis
470 2502 726 2566 Pictavieusibus
752 2525 855 2586 nuper
877 2524 1004 2568 veneno
1027 2515 1236 2590 peremptum.

288 2611 339 2670 An
361 2606 447 2670 fama
468 2605 538 2670 haec
562 2605 700 2668 fideliter
714 2618 835 2670 asserat
856 2604 1012 2669 incertum
1034 2619 1097 2688 est,
1110 2609 1238 2672 aliorum

290 2730 362 2774 vero
385 2719 473 2773 tanta
495 2706 667 2771 crudelitas
689 2717 749 2786 est,
772 2719 807 2772 ut
828 2729 889 2772 nec
913 2708 1040 2773 vicinos
1061 2711 1162 2775 lateat
1182 2730 1238 2775 uec

290 2824 439 2877 remotos.
484 2811 619 2874 Cunctis
641 2824 747 2873 autem
770 2812 910 2875 innotuit
932 2833 1028 2896 quam
1052 2825 1240 2898 praecepset

291 2915 397 2980 audax
420 2915 471 2991 sit,
491 2924 523 2976 et
545 2913 655 2995 ignara
676 2913 799 2975 timoris
818 2913 960 2991 Domini,
984 2936 1076 2980 casca
1101 2915 1239 2995 ambitio,

292 3028 328 3081 ut
351 3028 456 3080 metus
479 3036 576 3098 quam
602 3013 730 3078 fiduciae
757 3036 862 3079 causae
883 3017 1029 3100 plurimae
1055 3041 1242 3085 concurrere

291 3117 468 3180 videantur.
515 3115 632 3177 Precor
651 3115 770 3197 itaque,
784 3127 820 3178 ut
840 3118 899 3179 sub
922 3118 1011 3180 omni
1027 3119 1239 3198 festinatione,

293 3240 363 3301 quae
395 3218 481 3279 circa
507 3238 562 3279 vos
589 3227 674 3294 sunt,
700 3217 944 3299 diligentissime
973 3223 1188 3305 perscribatis,
1212 3233 1243 3287 et

293 3317 424 3381 domino
461 3318 626 3403 episcopo,
655 3319 681 3382 si
720 3319 917 3402 aegritudine,
948 3344 1021 3407 quae
1054 3325 1152 3404 absit,
1180 3345 1242 3388 non

293 3418 498 3501 praepeditur,
528 3420 757 3501 persuadeatis,
787 3432 823 3485 ut
851 3433 884 3485 et
911 3424 983 3506 ipse
1013 3426 1146 3501 scribat,
1176 3448 1243 3511 qun

295 3520 411 3583 suerint
436 3520 607 3583 scribenda
632 3543 690 3603 pro
714 3532 867 3607 tempore.
918 3526 1054 3590 Fueram
1081 3541 1244 3612 rogaturus

294 3634 330 3685 ut
350 3622 419 3705 ipse
442 3633 475 3685 et
495 3642 551 3684 vos
574 3622 756 3686 scriberetis
779 3623 819 3687 de
838 3625 890 3688 his
909 3649 981 3712 quae
1005 3640 1097 3710 gesta
1117 3632 1242 3695 suntin

294 3726 457 3811 colloquio
473 3725 684 3801 Chinonensi,
699 3739 732 3790 et
750 3738 876 3811 postea,
890 3751 948 3814 pro
969 3732 1076 3810 nobis,
1090 3747 1126 3799 et
1140 3747 1246 3799 eontra

297 3851 368 3905 nos,
387 3840 420 3892 ot
441 3827 520 3911 quid
540 3826 680 3890 videatur
698 3830 792 3892 robis
813 3829 854 3895 de
876 3833 949 3910 hoc,
969 3835 1058 3918 quod
1078 3858 1130 3901 me
1147 3838 1248 3901 taliter

298 3930 486 4007 absentavit,
511 3939 545 3991 ut
571 3950 630 3991 nec
657 3951 770 4013 pacem
798 3934 969 4016 receperim
993 3957 1069 4000 cum
1091 3940 1164 4004 aliis
1188 3941 1245 4004 sub

291 4033 474 4114 juramento
494 4042 526 4093 et
547 4029 790 4096 conditionibus
810 4036 937 4113 oblatis,
953 4038 1029 4119 quia
1044 4051 1167 4105 extunc
1182 4064 1244 4106 non

298 4132 362 4194 vidi
383 4133 502 4194 litteras
517 4144 652 4196 vestras:
677 4133 736 4196 sed
751 4156 848 4199 causa
867 4136 979 4221 major,
995 4161 1068 4222 qum
1091 4164 1144 4207 me
1163 4166 1245 4208 nunc

298 4232 455 4316 compulit
483 4232 522 4295 ad
554 4235 769 4316 scribendum,
800 4260 911 4303 omnes
945 4241 1129 4324 hujusmodi
1159 4267 1246 4311 curas

298 4334 469 4412 absorbuit,
485 4334 511 4396 si
529 4343 646 4414 tamen,
663 4339 749 4418 quod
773 4341 892 4405 ruinam
915 4341 1079 4409 Dominus
1093 4347 1250 4429 largiatur,
