3034 5500
286 739 486 819 uos-um
660 757 838 805 crismon.
1181 750 1240 807 145

279 908 423 974 conversi
439 906 482 971 ad
505 930 579 971 eum
595 908 652 993 qui
675 907 784 972 fideles
804 932 878 974 suos
900 912 1014 975 tentari
1032 934 1092 975 non
1114 917 1238 999 patitur

280 1035 375 1098 supra
396 1010 431 1074 id
447 1010 537 1097 quod
558 1023 701 1096 possunt,
717 1010 835 1074 faciens
856 1011 985 1096 quidem
1008 1012 1049 1076 de
1065 1013 1238 1079 tentatione

279 1124 485 1199 proventum,
497 1120 534 1175 ut
549 1111 654 1176 omnia
665 1125 876 1196 cooperentur
890 1112 922 1175 in
935 1112 1064 1178 bonum.
1096 1116 1135 1178 In
1151 1129 1237 1180 sorte

279 1223 417 1302 namque
435 1215 595 1300 justorum
612 1229 813 1301 peccatorum
835 1218 923 1298 virga
938 1237 999 1278 non
1017 1231 1190 1301 permanet,
1205 1232 1237 1281 et

277 1314 432 1401 quicquid
454 1315 495 1379 ab
519 1315 686 1400 iniquitate
709 1315 840 1393 recedit,
855 1339 910 1380 sen
933 1319 1088 1403 prosperi,
1104 1341 1159 1382 sen
1181 1319 1236 1382 ad·
1286 1392 1298 1413 .

279 1415 359 1478 versi
371 1416 486 1479 faciem
499 1414 621 1493 induat,
630 1414 836 1479 nihilominus
851 1416 975 1502 proficit
987 1417 1028 1479 ad
1045 1417 1190 1493 salutem,
1201 1433 1233 1484 et

277 1530 415 1581 conatur
437 1515 478 1579 ad
499 1514 649 1600 gloriam.'
691 1516 738 1580 Ex
762 1539 866 1580 rerum
891 1539 1028 1603 namque
1047 1518 1234 1583 difficultate

279 1618 392 1683 crescit
419 1619 565 1682 meritum
595 1619 679 1694 fidei,
706 1633 738 1684 et
763 1619 930 1703 gloriosior
960 1632 1007 1683 est
1038 1619 1233 1703 triumphus,

279 1741 375 1806 quern
389 1719 560 1782 assiduitas
574 1718 731 1794 laborum,
743 1735 775 1784 et
792 1719 1006 1805 periculorum
1023 1719 1192 1803 susceptio,
1203 1733 1235 1784 et

272 1820 363 1906 jugis
372 1820 527 1906 patientia
540 1841 778 1904 praecesserunt.
803 1822 835 1885 si
847 1821 887 1885 de
899 1845 931 1884 se
943 1821 1107 1906 praesumit
1118 1820 1234 1905 aliquis

276 1921 308 1983 in
324 1943 392 2005 quo
407 1920 525 1999 deficit,
535 1921 562 1982 si
576 1921 616 1984 de
635 1923 784 1998 Domino,
798 1921 828 1985 in
845 1946 910 2007 quo
926 1944 987 1985 non
1005 1921 1138 2006 proficit,
1153 1924 1235 1988 Sino

276 2041 335 2099 me,
345 2020 465 2105 inquit,
477 2022 561 2082 nitu
569 2024 842 2105 pateatisfacere:
868 2033 899 2084 et
915 2021 947 2084 in
960 2045 996 2084 eo
1009 2023 1103 2107 cujus
1117 2023 1233 2108 spiritu

276 2121 385 2205 egitur
408 2120 582 2207 apostolus,
607 2127 713 2186 omnia
736 2137 851 2209 potest.
897 2123 976 2200 Quis
1001 2127 1142 2188 virorum
1168 2125 1232 2189 sor·

278 2223 358 2288 tium
375 2237 408 2289 et
423 2222 608 2288 sublimium
625 2224 704 2288 illud
720 2248 782 2289 uon
800 2225 933 2289 libenter
948 2224 1175 2311 amplectitur?

383 2340 427 2393 Tu
440 2359 473 2393 nc
486 2340 548 2392 cede
560 2341 646 2403 malis,
658 2341 704 2393 red
716 2346 804 2393 contra
815 2342 949 2395 audentior
961 2344 1005 2404 ito,

385 2425 474 2488 Quam
486 2431 532 2478 tua
544 2432 571 2477 te
580 2425 682 2478 fortuna
695 2428 772 2478 sinat

278 2524 368 2600 Quid
381 2547 457 2609 ergo
471 2524 557 2604 [ille]
569 2547 665 2609 quem
677 2525 818 2589 Verbum
833 2528 936 2592 Patris
948 2529 1062 2593 invitat
1075 2529 1115 2593 ad
1126 2530 1232 2608 fortia,

277 2642 309 2691 et
324 2625 445 2691 animat
460 2626 492 2690 in
509 2625 713 2691 tribulatione
729 2627 897 2706 malorum,
912 2643 943 2694 et
959 2628 1091 2693 dolore?
1113 2632 1232 2711 dicens,

280 2730 441 2815 Confidite
454 2732 489 2793 in
505 2752 564 2808 me,
578 2751 634 2812 ego
648 2733 711 2794 vics'
725 2733 895 2794 mundum.

321 2830 465 2895 Dilatare
481 2829 582 2894 voluit
598 2832 756 2895 Dominus
771 2853 884 2894 nomen
906 2854 1011 2909 suum,
1027 2847 1059 2898 et
1083 2836 1232 2919 martyris

278 2932 328 2995 sui
351 2932 486 3018 gloriam
510 2931 681 2996 transferre
702 2932 743 2996 ad
767 2946 913 2995 externas
935 2934 1091 3008 nationes,
1115 2938 1231 3022 utqui

277 3030 370 3117 quasi
388 3032 448 3096 sub
468 3031 574 3096 modio
590 3034 781 3098 Senonensis
800 3032 938 3094 ecclesiae
959 3031 1088 3109 latebat,
1105 3056 1232 3121 respon-

277 3132 353 3197 deat
376 3132 408 3195 in
432 3133 536 3196 medio
558 3134 734 3210 nationum,
750 3147 782 3198 et
806 3132 1013 3197 multitudine
1028 3134 1232 3221 populorum.

280 3235 320 3298 In
331 3234 417 3298 redes
429 3257 502 3299 suas
512 3247 637 3298 tantum
647 3236 730 3299 forte
739 3235 882 3321 permisit
892 3234 1086 3315 incendium,
1096 3250 1132 3301 ut
1143 3237 1234 3322 quasi

278 3334 432 3399 beneficio
460 3335 543 3421 ignis
571 3339 770 3413 examinatae,
795 3350 924 3402 auctore
954 3338 1104 3415 Domino,
1130 3362 1233 3425 quum

277 3436 480 3502 reaedificatae
506 3435 638 3515 fuerint,
664 3438 745 3503 sicut
773 3438 965 3518 mundiores,
988 3439 1033 3502 ita
1058 3455 1232 3525 appareant

277 3536 484 3620 pulchriores.
529 3537 638 3613 Quum
655 3560 727 3602 vero
747 3537 909 3601 ecclesiam
925 3537 1101 3621 Anglorum
1117 3540 1231 3605 sollici·

277 3651 346 3702 tare
375 3636 542 3722 placuerit,
570 3636 717 3721 diligenti
749 3638 961 3702 sollicitudine
996 3638 1170 3725 prudentes
1199 3655 1231 3706 et

276 3737 427 3804 honestos
442 3740 526 3803 viros
543 3738 576 3803 in
592 3739 652 3803 hoc
674 3762 754 3825 opus
769 3740 885 3824 eligere
908 3739 1077 3817 studeatis,
1092 3764 1230 3826 quorum

277 3852 409 3927 peccata
421 3840 550 3904 minime
561 3840 708 3904 ruborem
724 3840 881 3904 incutiant
897 3840 1086 3903 innocentiae
1102 3844 1234 3906 vestroez'

276 3942 406 4004 veniant
421 3941 553 4026 quidem
570 3940 684 4004 muniti
703 3937 971 4004 commendatitiis
986 3940 1133 4023 precibus
1148 3942 1235 4026 prin.

275 4041 386 4128 cipum
414 4054 604 4116 vestrorum,
631 4062 693 4103 non
720 4062 787 4125 quo
812 4062 862 4103 res
886 4039 979 4103 aliter
1004 4040 1145 4126 expediri
1170 4065 1232 4105 non

276 4143 388 4227 possit,
404 4143 458 4206 sed
479 4143 558 4229 quia
579 4139 703 4206 facilius
723 4153 755 4204 ct
772 4141 895 4204 felicius
917 4156 1123 4226 promovetur
1138 4166 1234 4228 nego·

278 4248 371 4326 tium,
393 4246 480 4333 quod
505 4268 691 4332 magnorum
715 4244 853 4309 virorum
878 4257 925 4307 est
947 4248 1137 4309 auctoritate
1160 4247 1235 4310 sub-

277 4349 401 4413 nixum.
448 4348 607 4413 Affectum
636 4346 772 4434 spondet
806 4346 955 4408 dominus
986 4346 1235 4425 cantuariensis,

322 4470 396 4516 VOL·
416 4471 438 4515 1.
770 4468 788 4510 L
