3034 5500
286 745 324 803 la
542 761 677 806 mausus
692 764 970 811 saassnuruuusis
1146 753 1191 832 [s.
1209 775 1235 818 o.

283 924 417 995 questus
440 924 500 989 eat,
523 910 611 997 quod
639 912 679 976 de
703 917 922 981 transmarinis
945 919 1092 1002 partibus
1116 920 1157 984 ad
1182 944 1236 985 uos

281 1012 402 1097 saepius
433 1013 572 1091 veniens,
603 1036 660 1078 nec
698 1038 754 1100 per
791 1039 860 1095 nos,
891 1041 947 1082 nec
984 1043 1041 1106 per
1071 1021 1234 1087 dominum

282 1112 426 1177 Ioudon.
452 1113 593 1200 aliquam
621 1120 663 1180 sit
684 1117 845 1202 justitiam
873 1135 1050 1198 assecutus,
1079 1124 1169 1210 quod
1198 1126 1237 1189 ab

280 1212 440 1279 Ailwardo
463 1217 699 1303 archiepiscopo
730 1242 815 1304 saepe
841 1220 959 1308 injuste
988 1224 1019 1287 in
1051 1226 1110 1289 hac
1140 1250 1233 1291 causa

280 1331 414 1380 vexatus
429 1317 481 1392 sit,
497 1331 529 1382 et
552 1318 640 1404 quod
665 1342 749 1383 nunc
771 1322 898 1385 tandem
918 1323 1048 1409 justitia
1064 1350 1122 1390 sua
1137 1329 1233 1393 iuter·

278 1430 376 1482 ventu
407 1419 630 1504 appellationis
658 1422 724 1486 iere
746 1422 778 1485 in
805 1446 923 1489 annum
947 1426 1142 1506 differretur,
1165 1433 1230 1517 jam

278 1518 400 1583 dictum
416 1519 685 1599 archidiaconum,
702 1546 798 1609 quem
817 1523 963 1592 videlicet
985 1527 1073 1593 laicis
1095 1532 1230 1615 patroci-

278 1633 418 1701 nantem,
441 1644 628 1707 perquem,
652 1638 689 1688 ut
711 1625 847 1704 dicebat,
877 1627 944 1693 baec
969 1630 1052 1694 mala
1076 1631 1136 1694 sibi
1164 1654 1232 1717 pro

279 1723 458 1801 veniebant,
488 1725 528 1788 ad
560 1726 665 1790 sedern
696 1728 902 1814 apostolicam
932 1732 1118 1819 appellavit,
1149 1733 1229 1796 diem

278 1824 446 1910 praefigens
460 1827 493 1890 in
509 1828 649 1892 Octavas
672 1829 760 1893 Beati
777 1832 920 1897 Martini.

472 2163 694 2227 EPISTOLA
717 2166 867 2228 XL-so
882 2186 1036 2232 sunonu.

542 2302 681 2363 Domino
694 2321 791 2383 popoe
808 2303 962 2366 Adriano.

320 2439 460 2500 Annuus
474 2433 514 2498 de
531 2437 572 2497 N.
588 2434 749 2497 ecclesiam
773 2435 872 2514 illam,
886 2458 952 2519 qua
972 2461 1004 2499 se
1021 2438 1140 2522 injuste
1156 2464 1226 2524 spo·

276 2538 388 2602 liatum
418 2559 484 2599 esse
513 2535 652 2611 dicebat,
682 2534 776 2598 officii
812 2538 912 2601 nostri
949 2540 1139 2603 auctoritate
1170 2540 1227 2604 sibi

275 2639 399 2703 restitui
429 2636 625 2723 postulabat,
654 2652 810 2722 prasente
841 2640 883 2703 A.
914 2639 1055 2721 ejusdem
1088 2643 1226 2706 ecclesiae

274 2764 462 2829 possessore,
478 2739 530 2803 cui
545 2737 627 2802 diem
645 2738 857 2824 respondendi
874 2742 916 2804 A.
929 2754 999 2825 post
1017 2741 1134 2806 multas
1150 2745 1226 2809 cita-

274 2846 375 2909 tiones
404 2842 656 2929 peremptorium
686 2842 933 2928 praefixeramus.
995 2844 1120 2908 Alanus
1154 2870 1227 2910 vero

272 2947 458 3036 petitionem
491 2948 530 3009 A.
561 2946 748 3030 exceptione
779 2946 823 3009 rei
850 2946 1005 3031 judicatae
1036 2947 1225 3012 submovere

271 3051 445 3128 nitebatur,
460 3048 569 3112 dicens
582 3068 655 3109 eum
672 3070 691 3108 a
711 3047 905 3130 possessione
922 3049 989 3131 jam
1014 3047 1108 3110 dictae
1129 3051 1225 3113 eccle-

271 3154 326 3217 site
340 3150 501 3223 cecidisse,
511 3147 637 3232 judicio
650 3148 839 3211 venerabilis
850 3148 958 3212 fratris
974 3149 1072 3211 nostri
1092 3152 1222 3216 Ricardi

271 3251 418 3318 Londou.
442 3246 595 3332 episcopi,
627 3261 694 3310 tum
722 3247 947 3324 archidiaconi,
974 3249 1037 3312 lats
1067 3252 1224 3318 sententia

269 3377 329 3440 pro
345 3348 494 3417 Ernardo
511 3346 694 3426 decessore,
717 3362 748 3413 et
772 3372 867 3434 super
887 3353 947 3415 hoc
964 3352 1086 3417 litteras
1101 3355 1220 3419 domini

268 3454 409 3542 episcopi
439 3452 498 3515 boc
528 3463 716 3516 attestantes
746 3453 778 3514 in
810 3452 950 3518 medium
974 3457 1165 3540 proferebat.
1191 3462 1220 3523 Ε

267 3571 378 3623 contra
398 3560 436 3620 A.
453 3553 638 3617 sententiam
663 3553 761 3630 illam,
778 3554 803 3617 si
825 3554 889 3619 lata
908 3557 983 3632 fuit,
1000 3559 1028 3621 ei
1051 3559 1219 3643 suffragari

267 3683 328 3726 non
352 3681 444 3744 posse
469 3654 644 3740 respondit,
666 3679 767 3741 quum
796 3680 844 3720 res
871 3658 953 3722 inter
975 3660 1053 3723 alios
1075 3676 1147 3725 acta
1170 3664 1218 3725 vel

261 3762 408 3850 judicata
433 3758 504 3823 aliis
526 3758 675 3844 prodesse
701 3780 763 3822 non
791 3758 905 3824 debeat
935 3762 982 3824 vel
1008 3763 1127 3826 obesse.
1174 3767 1218 3828 Et

265 3864 338 3928 licet
363 3861 475 3926 merito
500 3874 604 3947 posset
630 3861 669 3923 de
695 3861 860 3925 sententiae
887 3864 1059 3949 iniquitate
1082 3868 1217 3941 causari,

265 3991 332 4056 qua
365 3966 477 4029 absens
507 3987 564 4027 nec
593 3974 764 4027 contumax
796 3965 1025 4030 condemnatus
1055 3980 1113 4043 est,
1144 3991 1217 4032 cum

263 4065 464 4156 aliquantulo
475 4089 578 4130 causae
594 4089 661 4129 suae
675 4067 853 4153 dispendio,
864 4082 994 4153 propter
1011 4072 1215 4134 reverentiam

263 4170 402 4259 episcopi
419 4168 469 4231 sui
491 4167 610 4232 domini
636 4168 879 4249 Londoniensis,
893 4173 987 4255 cujus
1010 4171 1048 4234 ad
1078 4194 1217 4256 praesens

264 4275 324 4345 sibi
352 4284 510 4359 quantum
542 4271 604 4333 luit
635 4271 763 4336 nolebat
793 4286 984 4356 attemptare
1014 4275 1214 4350 sententiam,

180 4395 184 4402 ’
262 4377 378 4443 omisso
394 4370 519 4457 judicio
540 4373 731 4456 possessorio
753 4370 937 4457 petitorium
963 4372 1115 4449 instituit,
1132 4399 1214 4438 asse-
