3034 5500
294 734 354 792 156
551 740 686 790 cornuis
702 739 983 785 sanusanruaxsrs
1156 723 1198 803 [t.
1215 743 1242 787 n.

288 899 405 962 crimen
426 894 599 959 invitasse?
626 892 786 977 Praecepit
808 890 883 955 item
908 903 1029 976 utpro
1052 890 1244 977 beneplacito

287 998 510 1062 monachorum
528 994 568 1057 ad
592 993 731 1057 tribunal
748 991 929 1056 londonias
952 991 1144 1076 litigaturus
1164 1015 1243 1056 aoce-

289 1101 407 1164 derem.
445 1096 530 1175 Quid
548 1095 671 1160 multa?
697 1117 757 1178 ego
777 1117 836 1157 nec
857 1095 889 1155 in
913 1094 1059 1169 minimo,
1076 1094 1132 1178 qui
1157 1106 1201 1157 tot
1216 1108 1243 1157 et

286 1215 392 1266 tantos
417 1201 533 1262 amicos
560 1200 591 1259 in
619 1195 750 1261 ecclesia
774 1198 921 1259 Romana
948 1195 1073 1257 habeo:
1107 1195 1242 1258 monachi

287 1303 333 1367 illi
349 1315 423 1366 sunt
439 1302 471 1364 in
488 1298 636 1361 omnibus
651 1297 806 1361 exauditi.
840 1300 920 1360 Haec
935 1295 967 1358 in
983 1295 1122 1360 auribus
1138 1300 1244 1360 vestris

286 1403 380 1468 corde
401 1412 433 1465 et
453 1424 508 1464 ore
530 1411 644 1463 moesto
663 1398 798 1482 depono,
816 1410 851 1460 ut
871 1395 1070 1481 quaudoque
1094 1396 1243 1460 similibus

287 1506 417 1569 obviare
430 1501 594 1567 studeatis.
622 1501 672 1562 De
682 1512 798 1563 caetero
810 1497 1022 1562 creditoribus
1036 1498 1149 1561 restris
1160 1500 1244 1561 satis·

287 1608 433 1686 fecimus,
448 1602 528 1668 nihil
543 1601 731 1687 accipientes
746 1599 785 1663 de
801 1600 936 1686 pecunia
951 1602 1054 1664 sancti
1072 1600 1204 1664 Bertini.

361 1914 582 1977 EPISTOLA
605 1912 782 1975 CVL—au
797 1928 1033 1974 nramnnauu
1050 1931 1173 1974 caesar.

530 2065 670 2126 Domino
685 2064 787 2144 Papa
803 2062 998 2126 Almanam.

330 2214 508 2290 Nosrnuru,
523 2224 555 2273 et
577 2210 729 2287 ecclesia,
746 2235 820 2297 quoe
840 2211 927 2297 apud
947 2233 1008 2276 uos
1031 2228 1093 2288 est,
1118 2227 1243 2289 statum,

286 2313 376 2377 vobis
395 2334 453 2398 per
470 2313 685 2375 Herebertum
701 2327 841 2377 vestrum
865 2312 968 2377 missis
988 2312 1104 2379 litteris
1127 2317 1242 2400 signifi·

285 2415 437 2491 cavimus,
449 2428 481 2477 at
497 2413 549 2476 ille
561 2426 618 2476 aut
633 2437 690 2500 per
703 2413 855 2478 malitiam
869 2413 1023 2499 prodidit,
1034 2431 1093 2480 aut
1105 2416 1241 2502 perdidit

283 2539 342 2604 per
364 2516 600 2601 negligentiam,
623 2529 681 2580 aut
704 2540 757 2579 eas
779 2516 909 2580 amissas
930 2540 997 2580 esse
1020 2518 1242 2582 fraudulenter

257 2694 261 2705 Ι
285 2618 456 2682 simulavit.
493 2619 598 2695 Quum
616 2617 697 2680 enim
714 2617 863 2681 dimissus
878 2641 897 2682 a
913 2620 1004 2683 vobis
1018 2620 1108 2704 apud
1126 2619 1241 2684 canoel-

284 2720 397 2786 larium
414 2720 497 2803 regis
510 2718 691 2804 Anglorum
709 2742 766 2805 per
778 2741 915 2783 mensem
932 2734 963 2786 et
979 2720 1123 2807 amplius
1137 2733 1242 2786 contra

283 2820 527 2907 prohibitionem
539 2833 675 2884 vestram
686 2833 896 2906 expectasset,
907 2821 1037 2884 remisso
1046 2823 1079 2885 in
1094 2822 1240 2909 Angliam

284 2925 398 2987 nuntio
409 2946 466 2986 nos
478 2945 535 3009 per
546 2922 667 2986 litteras
679 2922 842 2984 memorati
855 2922 1034 2986 cancellarii
1048 2923 1240 3000 sollicitavit,

284 3039 320 3089 ut
351 3026 380 3088 ei
408 3025 530 3089 litteras
556 3023 714 3110 prioribus
744 3022 872 3102 similes,
897 3045 978 3110 quas
1008 3024 1070 3088 sibi
1102 3026 1242 3091 sublatas

282 3126 488 3212 querebatur,
505 3124 737 3188 remitteremus
755 3125 796 3189 ad
821 3148 878 3189 vos
898 3125 1024 3189 fidelius
1044 3125 1240 3191 deferendas.

284 3227 368 3301 Quia
382 3224 482 3310 igitur
503 3248 615 3310 parurn
639 3224 742 3288 fidelis
762 3226 923 3312 inprimis
944 3226 1065 3302 extitit,
1083 3228 1241 3293 malumus

282 3331 445 3413 proprium
459 3329 607 3390 nuntium
619 3326 790 3404 destinare,
803 3350 898 3412 quarn
913 3330 1054 3393 secundo
1069 3331 1175 3415 decipi
1187 3353 1240 3415 per

282 3427 430 3491 alienum.
457 3429 523 3489 Vos
534 3428 682 3490 nuntium
696 3444 833 3492 restrum
846 3451 905 3514 pro
921 3428 1123 3514 beneplacito
1138 3446 1240 3495 vestro

279 3527 483 3604 convenietis,
502 3541 545 3606 et,
567 3528 592 3591 si
615 3529 730 3614 placet,
751 3552 836 3609 eum,
858 3546 894 3594 ut
916 3530 1045 3593 cautius
1060 3543 1094 3595 et
1109 3531 1238 3596 fidelius

281 3629 408 3715 negotia
422 3643 527 3714 vestra
541 3645 732 3715 exequatur,
749 3632 906 3696 instruite.

324 3737 375 3798 De
397 3747 512 3798 caetero
538 3734 682 3797 monachi
711 3734 812 3797 sancti
838 3734 1015 3817 Augustini
1039 3736 1187 3800 ecclesias
1208 3737 1238 3799 iu

280 3836 388 3900 fundis
408 3857 518 3898 eorum
542 3837 618 3898 sitas
641 3835 732 3899 nobis
748 3833 937 3899 subtrahere
959 3837 1195 3915 machinantur,
1208 3851 1238 3900 et

279 3937 357 4021 quia
371 3937 403 3998 in
425 3936 526 3999 oculis
548 3935 686 3999 ecclesiae
703 3939 856 3999 Romanae
879 3934 1015 4021 gratiam
1038 3938 1238 4010 invenerunt,

279 4043 305 4104 si
329 4037 409 4123 quid
433 4036 545 4102 salutis
568 4037 668 4112 nobis,
690 4051 744 4102 aut
768 4038 908 4101 ecclesiae
933 4053 1051 4104 nostrae
1071 4040 1239 4104 decernitis

280 4139 536 4225 relinquendum,
565 4162 672 4225 preces
701 4163 811 4204 eorum
843 4141 977 4205 ulterius
1007 4144 1039 4206 in
1071 4142 1238 4230 dispendia

279 4258 384 4307 nostra
413 4264 473 4303 non
504 4241 687 4307 admittatis.
734 4244 894 4307 Praeterea
921 4245 1075 4309 noveritis
1102 4244 1236 4309 liberum

278 4370 344 4409 csse
363 4342 511 4407 omnibus
533 4341 702 4427 appellare.
748 4344 841 4420 Quod
864 4368 903 4407 ex
927 4369 965 4408 eo
981 4344 1074 4410 robis
1095 4363 1239 4410 constare
