3034 5500
282 770 345 828 288
540 781 678 825 JotNMs
694 778 973 823 sanasuuaransrs
1144 758 1185 837 [a.
1198 779 1225 821 u.

281 935 394 1007 nostis,
410 943 445 994 ut
460 928 610 994 honestas
632 951 762 1013 precum
786 932 828 993 sit
848 928 1059 1004 moderatrix,
1076 944 1108 992 et
1129 930 1160 990 in
1180 929 1226 990 his

282 1035 449 1097 dumtaxat
463 1032 631 1094 audiantur
642 1032 750 1103 amici,
764 1032 881 1113 quibus
894 1032 949 1092 illa
961 1051 1027 1092 non
1041 1030 1225 1092 adversatur.

282 1134 463 1199 Praescribit
491 1134 576 1196 enim
605 1134 698 1207 ratio,
727 1154 769 1194 ue
795 1154 836 1194 ex
866 1154 965 1195 causa
994 1131 1146 1194 amicitia
1173 1130 1227 1192 illi·

281 1238 346 1298 cita
366 1244 523 1318 petantur,
540 1245 595 1297 aut
618 1233 706 1295 fiant.
752 1235 837 1305 Quia
852 1254 928 1315 ergo
942 1232 1123 1295 amicorum
1137 1232 1230 1311 gratia

282 1338 417 1400 amicum
433 1334 518 1418 apud
534 1346 654 1417 patrem
676 1348 709 1397 et
729 1334 907 1397 Dominum
924 1333 1152 1397 commendare
1166 1353 1229 1395 sus·

281 1437 364 1518 cepi,
385 1457 508 1520 precor,
523 1448 559 1497 ut
580 1435 849 1517 contemplatione
873 1435 1018 1510 Domini,
1041 1447 1074 1495 et
1095 1452 1228 1495 mearum

281 1539 463 1601 interventu
478 1557 620 1620 precum,
635 1557 718 1613 eum,
735 1535 763 1597 si
778 1535 957 1618 expetierit,
971 1533 1124 1608 audiatis,
1137 1534 1169 1594 iu
1184 1533 1230 1594 his

282 1660 355 1722 quae
371 1638 553 1702 necessitati
570 1637 639 1720 ejus
654 1647 684 1699 et
701 1635 861 1699 honestati
874 1647 983 1697 vestrae
1001 1634 1153 1696 discretio
1169 1633 1230 1694 dic-

283 1743 397 1806 taverit
407 1740 570 1822 expedire.
597 1741 643 1801 Et
656 1739 684 1800 si
697 1739 774 1800 sorte
787 1759 859 1800 eum
872 1736 912 1798 de
925 1736 1127 1798 conscientia
1136 1746 1232 1798 restra

282 1842 325 1904 ad
348 1863 408 1904 uos
432 1841 534 1903 redire
561 1840 741 1921 contigerit,
764 1860 814 1900 me
837 1859 933 1920 super
954 1848 1041 1898 statu
1065 1848 1181 1912 restro,
1201 1847 1231 1897 et

284 1941 735 2022 amicorum‚acceptissaltem
745 1936 946 2022 publicorum
957 1934 1232 2000 rumorumlitteris

282 2042 399 2121 poterit
420 2041 598 2102 certiorare.
644 2040 694 2100 De
714 2059 788 2100 meo
803 2047 905 2100 autern
928 2048 1013 2098 statu
1034 2036 1076 2099 ad
1099 2058 1232 2119 praesens

281 2139 407 2221 parcius
420 2139 537 2211 scribo,
551 2159 616 2199 non
627 2138 704 2219 quia
720 2137 841 2219 aliquid
854 2157 994 2198 meorum
1009 2137 1131 2198 avobis
1142 2137 1230 2198 velim

282 2259 350 2300 esse
367 2236 603 2312 absconditum,
616 2235 674 2298 sed
690 2238 766 2318 quia
784 2239 889 2300 recolo
905 2258 955 2297 me
978 2256 1036 2318 per
1059 2237 1229 2299 Falconem

282 2339 461 2420 nuperrime
477 2338 586 2399 omnia
601 2338 785 2420 plenissime
801 2337 973 2401 nuntiasse.
1013 2338 1100 2400 Nam
1116 2339 1143 2400 si
1159 2337 1232 2422 quid

283 2438 539 2521 deeratpagiuae,
549 2439 709 2519 grandiori
720 2439 884 2522 portitoris
895 2438 1011 2514 officio,
1022 2437 1234 2518 etdiligentia,

283 2553 367 2604 ratus
382 2562 451 2604 sum
468 2563 538 2603 esse
555 2540 779 2623 supplendum.

326 2640 422 2712 Quod
438 2638 479 2702 ad
495 2640 662 2722 pubiicum
678 2659 749 2701 vero
765 2651 891 2713 statum,
908 2639 978 2701 baec
994 2651 1109 2720 postea
1124 2640 1232 2701 multo·

284 2766 353 2808 rum
369 2741 540 2805 assertione
557 2742 686 2822 vulgata
700 2753 776 2803 sunt
790 2740 975 2820 Auglorum,
987 2740 1114 2802 scilicet
1129 2761 1234 2803 omues

284 2845 455 2927 episcopos
470 2864 512 2904 ex
527 2842 678 2905 mandato
693 2842 777 2922 regis
792 2842 991 2917 convenisse,
1006 2854 1039 2903 et
1053 2863 1094 2903 ne
1113 2853 1234 2904 senteu-

283 2946 337 3021 tia,
360 2966 454 3027 quam
478 2943 626 3006 dominus
648 2964 733 3025 papa
755 2942 939 3017 dictaverat,
962 2944 1070 3005 locum
1095 2944 1231 3019 haberet,

282 3046 461 3128 appellasse
496 3054 607 3106 contra
644 3043 918 3124 archiepiscopum
950 3065 1056 3121 suum,
1086 3045 1143 3127 qui
1180 3064 1233 3126 pro

282 3148 384 3208 salute
400 3168 509 3208 eorum
524 3159 555 3208 et
570 3146 715 3208 libertate
732 3144 891 3207 Ecclesiae
905 3144 1075 3207 facultates
1086 3145 1234 3227 permittit

281 3247 471 3327 raptoribus,
502 3249 658 3310 fortunam
688 3246 852 3328 periculis,
881 3248 997 3307 samam
1028 3246 1180 3322 ludibrio,
1204 3257 1234 3307 et

281 3358 379 3428 caput
392 3347 561 3410 hostilibus
576 3346 701 3428 gladiis,
717 3347 744 3408 si
760 3369 809 3409 res
824 3348 976 3428 exegerit,
993 3348 1155 3431 objectare
1170 3368 1231 3409 non

281 3447 377 3521 dolet,
393 3470 456 3509 non
475 3448 633 3524 formidat,
650 3471 716 3512 non
731 3449 902 3526 erubescit,
916 3460 971 3511 aut
987 3449 1086 3512 timet,
1134 3452 1233 3513 Vene-

280 3558 354 3608 runt
368 3546 410 3609 ad
434 3569 506 3609 euin
522 3569 624 3627 nuper
646 3551 757 3612 clerici
781 3548 854 3626 duo,
870 3550 953 3612 sicut
973 3551 1051 3612 milri
1075 3573 1134 3634 pro
1149 3562 1232 3614 certo

280 3647 413 3709 ralatum
440 3656 498 3720 est,
524 3646 564 3707 ab
591 3667 630 3706 eo
657 3648 712 3728 qui
739 3664 815 3710 tunc
846 3660 912 3711 erat
941 3650 1136 3729 Pontiniaci,
1165 3652 1231 3714 haec

280 3748 493 3830 publicantes,
515 3755 547 3807 et
574 3748 793 3829 appellantes:
823 3773 906 3813 unus
928 3772 972 3814 ex
998 3762 1088 3834 parte
1114 3750 1232 3813 domini

280 3846 540 3923 SaresberiensiS,
561 3848 640 3909 alter·
661 3871 703 3911 ex
726 3864 815 3932 parte
837 3849 953 3914 decani
976 3851 1038 3929 sui,
1059 3851 1231 3915 inficiantis

279 3948 409 4009 omuino
421 3970 454 4009 se
464 3947 681 4030 juramentum
699 3951 828 4034 aliquod
845 3952 1030 4034 praestitisse
1043 3951 1232 4036 imperatori,

279 4049 326 4109 vel
342 4048 523 4128 Regiualdo
540 4051 724 4113 Coloniensi
741 4052 947 4116 schismatico
967 4054 1000 4115 in
1024 4054 1133 4138 aliquo
1149 4074 1231 4116 com·

278 4150 469 4213 municasse.
515 4150 605 4214 Idem
627 4154 721 4214 etiarn
745 4153 905 4216 confitens
925 4176 959 4216 se
976 4155 1128 4219 clericum
1145 4153 1231 4218 sami·

277 4252 384 4314 liarern
402 4250 441 4312 de
458 4272 567 4314 mensa
581 4253 728 4333 Magistri
743 4255 878 4317 Joannis
890 4255 930 4317 de
945 4257 1166 4320 Oxenesordia
1179 4255 1231 4339 qui

278 4352 412 4415 clericus
428 4353 510 4434 regis
525 4364 580 4430 est,
597 4377 629 4417 so
645 4354 730 4433 regis
746 4354 787 4418 ad
805 4356 1085 4439 archiepiscopum
1103 4360 1230 4421 verbum
