3034 5500
284 761 491 842 llos-st]
660 779 837 824 ar1sr0asa.
1172 771 1233 829 173

277 931 359 995 tium
393 929 553 996 Nicolaus
583 951 602 992 a
638 931 810 996 venerabili
844 931 943 996 fratre
983 944 1088 997 nostro
1127 935 1234 998 David

277 1034 472 1098 Meuevensi
494 1032 652 1120 episcopo,
677 1033 946 1110 archidiaconatu,
971 1056 1066 1121 quem
1089 1035 1236 1100 canonice

279 1136 434 1214 habebat,
463 1149 574 1200 contra
605 1159 730 1201 omnem
771 1138 980 1202 reverentiam
1011 1139 1095 1224 juris
1123 1139 1236 1203 absens

278 1237 448 1323 spoliatus,
480 1236 656 1317 inauditus,
684 1262 745 1303 non
776 1254 962 1316 conventus,
992 1243 1153 1306 occasione
1183 1243 1235 1308 lit·

279 1351 421 1403 terarum
438 1360 522 1425 quas
546 1341 677 1426 quidam
702 1341 896 1422 Jordannus,
912 1343 994 1407 sorte
1016 1343 1105 1407 vobis
1127 1348 1235 1430 incog-

279 1440 377 1515 nitus,
408 1440 499 1505 falsis
528 1442 687 1527 precibus,
717 1466 779 1507 non
810 1442 875 1506 sine
905 1441 1111 1508 admiratione
1135 1447 1235 1511 totius

281 1544 469 1628 Anglicanae
497 1543 637 1608 ecclesiae
665 1567 685 1608 a
715 1558 820 1608 vestra
848 1543 1015 1608 clementia
1040 1545 1236 1631 impetravit.

282 1645 346 1710 Hic
361 1658 423 1722 est,
445 1659 537 1732 pater
558 1647 694 1732 optime,
707 1646 760 1711 hic
783 1662 830 1711 est
851 1644 904 1709 ille
926 1645 1054 1732 publice
1076 1649 1234 1732 perjurus,

280 1744 443 1811 homicidii
479 1771 519 1811 ex
553 1747 735 1832 precedenti
765 1746 999 1811 insimulatione
1028 1747 1158 1834 publica
1187 1772 1235 1813 re-

281 1871 410 1936 spersus
430 1849 572 1925 infamia,
588 1874 684 1937 quem
704 1851 747 1914 ob
763 1851 879 1914 crimen
901 1846 971 1912 lalsi
992 1848 1023 1911 in
1045 1849 1237 1935 Apostolicis

280 1951 427 2039 apicibus
449 1952 617 2027 commissi,
634 1966 761 2018 sanctus
787 1952 931 2016 decessor
950 1964 1052 2015 vester
1068 1953 1236 2038 Eugenius

280 2055 385 2119 officio
414 2068 446 2118 et
477 2054 631 2120 beneficio
661 2053 872 2119 ecclesiastico
902 2053 1142 2119 condemnavit:
1170 2079 1235 2142 qua

282 2155 335 2219 ille
350 2169 530 2241 prostratus
542 2158 707 2234 sententia,
722 2156 888 2243 exquisitis
900 2157 1078 2240 ignotarum
1090 2158 1233 2242 gentium

280 2257 410 2343 augulis
435 2257 541 2332 latuit,
568 2257 669 2322 donec
691 2257 880 2342 praedictum
905 2272 1027 2342 patrem
1055 2259 1150 2323 rebus
1175 2261 1234 2326 lru·

280 2360 381 2424 manis
392 2359 543 2446 cognovit
553 2373 746 2447 exemptum.
771 2358 994 2446 Supplicamus
1004 2362 1115 2445 itaque
1125 2364 1235 2447 majes-

281 2466 338 2527 tati
370 2478 495 2538 vestrae,
528 2478 685 2550 quatenus
712 2462 823 2526 latoris
861 2463 1062 2548 praesentium
1094 2465 1236 2550 inspecta

275 2565 442 2650 justitiaet
451 2565 620 2629 miserabili
631 2578 830 2651 paupertate,
842 2564 929 2651 quod
942 2565 973 2628 in
984 2588 1056 2629 eum
1064 2568 1234 2634 enormiter

276 2668 396 2733 facturn
420 2680 480 2744 est,
505 2667 747 2731 misericorditer
767 2667 943 2752 corrigatis,
967 2683 999 2732 et
1024 2691 1061 2731 eo
1083 2669 1232 2736 restituto

277 2795 403 2836 causam
430 2771 572 2855 jubeatis
595 2795 653 2857 per
683 2770 840 2856 legitimos
871 2769 1013 2834 tramites
1043 2791 1102 2833 suo
1132 2788 1232 2837 marte

276 2873 446 2953 discutere,
466 2874 490 2936 si
515 2888 619 2937 tamen
641 2873 813 2936 decessoris
828 2872 924 2933 vestri
949 2869 1137 2934 seutentiam
1160 2895 1231 2935 eva.

275 2977 435 3040 cuandam
466 2998 532 3039 esse
561 2974 741 3049 decernitis,
772 2988 804 3037 et
834 2970 952 3034 homini
985 2973 1053 3057 jam
1083 2971 1233 3041 damnato

280 3079 437 3143 actionem
455 3079 562 3165 potius
578 3078 686 3142 deberi
703 3099 798 3162 quam
817 3096 954 3161 poenam.

438 3389 660 3452 EPISTOLA
684 3388 907 3451 CXXV-no
924 3407 1073 3451 eunoun.

524 3537 664 3599 Domino
679 3537 782 3618 Popae
797 3538 988 3601 Alexandro.

322 3676 427 3752 Quuu
444 3695 553 3736 omnes
567 3670 676 3735 fideles
691 3685 808 3735 sanctae
825 3676 978 3737 Romaaae
997 3672 1135 3738 ecclesiae
1151 3697 1231 3762 prae·

278 3775 360 3840 sidio
390 3775 564 3860 gaudeant,
589 3772 630 3837 ad
661 3774 765 3836 sinum
797 3771 1022 3838 misericordia
1050 3775 1120 3860 ejus
1149 3776 1232 3842 lidu-

277 3877 388 3941 cialius
411 3876 443 3939 in
467 3876 651 3940 necessitate
679 3873 882 3959 confugiunt,
906 3899 1044 3961 quorum
1067 3876 1233 3945 desideriis

273 3980 402 4065 justitia
428 3982 636 4061 suffragatur,
660 3977 717 4063 qui
744 3991 860 4043 sanctae
886 3978 1130 4044 conversationis
1158 3980 1234 4045 inci-

277 4095 420 4147 tamento
436 4081 569 4143 virtutes
585 4092 772 4165 promovent
787 4079 1013 4165 proximorum.
1057 4083 1151 4146 Tales
1166 4106 1233 4147 esse

275 4184 391 4249 fratres
406 4181 464 4269 qui
479 4181 565 4266 apud
579 4181 865 4245 Theochesberiam
878 4184 1017 4246 Domino
1032 4182 1232 4249 devotissime

278 4285 486 4358 famulantur,
516 4280 646 4367 publico
680 4282 889 4367 praeconantis
926 4282 1019 4345 famae
1054 4283 1234 4346 testimonio

278 4386 458 4451 didicimus.
508 4386 570 4446 Pro
585 4383 630 4446 eis
653 4406 729 4467 ergo
748 4397 812 4448 tam
836 4384 971 4447 sinceras
994 4402 1089 4468 quam
1107 4403 1233 4470 securas
