3034 5500
279 759 478 840 1159-61.]
666 777 849 824 EPISTOLAE.
1192 763 1234 821 98

274 927 425 1009 ecclesiae,
452 927 611 1014 quamdiu
641 927 694 993 alii
725 927 756 991 in
787 926 907 992 inflicta
933 926 992 992 sibi
1021 928 1235 1014 suspensionis

274 1027 432 1093 sententia
459 1028 668 1115 perstiterint.
713 1029 809 1105 Quod
836 1028 863 1092 si
890 1027 970 1091 hanc
995 1041 1134 1093 nostram
1161 1051 1235 1093 cou-

275 1129 464 1214 tempserint
488 1130 721 1203 auctoritatem,
739 1128 943 1215 praecipimus
964 1141 1000 1193 ut
1022 1152 1093 1193 cum
1118 1127 1233 1194 litteris

275 1231 388 1297 nostris
415 1230 541 1295 adeatis
568 1229 777 1295 venerabilem
804 1230 934 1294 fratrem
960 1242 1104 1295 nostrum
1133 1231 1233 1294 Here-

274 1331 457 1396 fordensem
482 1330 678 1418 episcopum,
701 1343 733 1393 et
754 1343 988 1417 contemptores
1009 1342 1128 1395 sauctoe
1150 1332 1233 1396 Can·

276 1432 446 1497 turriensis
460 1431 600 1496 ecclesiae
614 1430 737 1497 faciatis
751 1431 881 1516 publice
896 1430 1174 1496 excommunicari.

465 1765 689 1831 EPISTOLA
712 1741 905 1829 LXX—an
920 1783 1047 1829 aranu.

612 1900 694 1980 Regii
709 1899 898 1981 duplorum.

323 2034 466 2097 Aunirs
483 2032 626 2119 undique
644 2032 805 2098 collisione
827 2054 1008 2117 regnorum,
1022 2046 1054 2098 et
1069 2055 1231 2120 emergen-

279 2133 365 2198 tibus
381 2134 474 2199 novis
489 2158 593 2200 rerum
609 2134 733 2220 figuris,
744 2147 777 2199 et
792 2134 1076 2199 increbescentibus
1091 2158 1110 2199 a
1125 2151 1232 2202 nostra

279 2235 449 2323 iniquitate
473 2237 573 2318 malis,
594 2237 788 2325 praecipuam
816 2236 856 2301 de
883 2236 984 2301 salute
1008 2251 1123 2313 vestra,
1146 2240 1232 2305 unde

280 2350 327 2402 tot
348 2343 541 2425 populorum
565 2339 650 2404 salus
672 2352 731 2418 est,
753 2339 954 2426 concepimus
976 2338 1231 2419 sollicitudinem,

279 2461 353 2523 quae
374 2462 474 2526 super
495 2439 654 2526 flagellum
681 2439 822 2519 Domini,
837 2462 902 2526 quo
923 2462 981 2526 per
1002 2443 1138 2526 gratiam
1161 2443 1232 2528 ejus

277 2538 482 2625 flagellantur
496 2542 526 2607 in
544 2564 685 2627 corpore,
701 2540 752 2604 die
767 2555 928 2627 noctuque
942 2540 1054 2627 affligit
1069 2542 1101 2607 in
1118 2553 1231 2609 mente.

281 2642 376 2708 Unde
387 2644 532 2729 cogimur
543 2657 661 2709 statum
673 2657 814 2709 vestrum
826 2666 884 2730 per
895 2643 1042 2708 nuntium
1055 2644 1232 2730 explorare,

281 2745 419 2829 quicum
433 2745 459 2808 si
471 2744 539 2809 lieri
549 2766 667 2833 posset,
678 2744 844 2811 mallemus
852 2743 1094 2830 praesentialiter
1102 2744 1231 2809 intueri.

282 2844 489 2912 Meminimus
504 2861 610 2912 autem
627 2871 684 2912 nos
699 2847 790 2912 vobis
810 2845 1016 2932 supplicasse,
1033 2859 1069 2909 ut
1084 2845 1230 2925 salutem,

279 2970 380 3033 quum
398 2950 598 3035 praesentiam
615 2959 749 3015 vestram
771 2946 892 3012 malitia
914 2945 1064 3031 temporis
1077 2944 1230 3024 invideat,

280 3049 535 3117 archidiaconum
575 3066 731 3129 nostrum,
762 3052 819 3137 qui
848 3048 940 3113 nobis
969 3050 1083 3112 unicus
1110 3062 1168 3123 est,
1198 3062 1230 3114 et

280 3152 402 3217 consilii
417 3154 517 3219 nostri
532 3157 657 3242 primus
672 3153 776 3219 redire
791 3149 1028 3238 permitteretis.
1065 3148 1231 3216 Debuerat

279 3253 361 3317 enim
374 3257 494 3321 venisse
509 3279 570 3320 non
585 3269 726 3333 vocatus,
735 3254 905 3340 fueratque
920 3250 1143 3317 inobedientiae
1158 3266 1232 3316 ante

278 3356 454 3421 Dominum
486 3372 517 3422 et
543 3357 687 3423 homines
712 3355 908 3442 arguendus,
935 3353 996 3418 nisi
1025 3375 1100 3418 eum
1126 3366 1232 3418 vestra

277 3459 445 3523 necessitas
467 3472 644 3524 excusaret.
692 3458 754 3524 Sed
778 3460 854 3545 quia
876 3457 1073 3522 voluntatem
1093 3468 1229 3520 vestram

277 3573 395 3625 nostrae
416 3585 540 3649 semper
560 3561 772 3647 praetulimus,
790 3578 822 3625 et
842 3574 1001 3647 quatenus
1018 3557 1143 3623 licuerit
1159 3582 1232 3645 pro-

277 3661 360 3727 ferre
386 3662 597 3741 decrevimus,
623 3664 685 3750 ipsi
711 3663 798 3751 quod
822 3662 957 3747 deliquit
986 3660 1231 3748 provoluntate

278 3777 381 3829 vestra
403 3765 628 3852 indulgemus:
653 3766 806 3841 volentes,
823 3776 971 3850 utquam
988 3762 1044 3827 diu
1060 3763 1230 3828 necessitas

278 3867 432 3954 exegerit,
447 3870 574 3934 insistat
596 3869 750 3956 obsequio
767 3879 884 3942 vestro,
902 3879 933 3930 et
957 3877 994 3930 ut
1017 3878 1116 3929 totam
1133 3864 1228 3928 fidem

278 3990 365 4033 suam
393 3984 426 4036 et
448 3970 638 4035 industriam
666 3966 844 4033 necessitati
867 3977 979 4030 vestrae
1004 3964 1231 4044 accommodet,

279 4072 499 4158 praecipimus3
519 4073 564 4137 ita
580 4091 684 4138 tamen
703 4084 737 4135 ut
754 4092 849 4156 quam
865 4068 927 4133 cito
942 4066 1110 4152 potueritis
1124 4089 1231 4130 carcre

279 4199 328 4254 eo,
342 4180 461 4262 ipsum,
478 4175 504 4239 si
523 4173 639 4260 planet,
654 4172 757 4237 redire
777 4169 978 4258 permittatis.
1024 4168 1107 4231 Nam
1123 4182 1156 4232 et
1170 4191 1231 4251 ego

279 4277 355 4362 ipse,
379 4299 477 4364 quem
499 4274 711 4340 misericordia
733 4269 864 4338 Domini
885 4269 998 4335 afflixit
1020 4269 1113 4344 lecto,
1133 4267 1228 4331 etiam

280 4402 350 4444 cum
374 4377 559 4465 temporalis
575 4377 649 4441 vitae
669 4374 847 4462 dispendio,
863 4372 991 4457 negotia
1005 4383 1110 4433 vestra
1130 4367 1235 4440 liben-¹
