3034 5500
426 763 467 821 52
681 771 818 815 Jomvsrs
833 765 1109 813 saresberiensis
1288 746 1331 826 [Δ.
1350 764 1376 808 o.

430 923 604 1010 angustias,
618 934 746 1007 gratum
763 919 894 983 haberes
916 915 1070 1005 quicquid
1094 915 1164 979 fieri
1181 914 1307 978 videres
1328 936 1380 1000 pro

430 1040 537 1090 nostra
562 1023 675 1100 salute,
700 1036 731 1086 et
763 1034 901 1086 nostram
935 1018 1042 1083 malles
1071 1018 1214 1082 animam
1244 1015 1378 1094 liberari,

427 1150 523 1214 quam
539 1126 580 1190 de
595 1125 743 1212 peccatis,
758 1139 790 1188 et
806 1123 1006 1186 damnatione
1023 1134 1144 1197 nostra,
1161 1122 1330 1203 pecuinam
1348 1130 1376 1182 et

427 1228 555 1293 divitias
583 1228 721 1291 infinitas
750 1229 924 1311 acquirere.
968 1223 1048 1289 Inde
1077 1237 1124 1287 est
1157 1221 1250 1307 quod
1280 1235 1311 1284 te
1338 1220 1375 1284 ad

426 1329 611 1419 praesensio
629 1329 795 1392 vexatione
811 1327 906 1411 hujus
920 1323 1029 1390 auxilii
1052 1323 1163 1389 audire
1179 1345 1244 1386 non
1269 1346 1375 1409 possu-

426 1457 508 1506 mus,
521 1433 587 1495 sine
603 1430 727 1494 laesione
740 1428 806 1492 voti
817 1442 849 1491 et
864 1426 977 1492 salutis
988 1439 1106 1491 nostrae
1120 1424 1279 1512 periculo.
1318 1423 1373 1488 Sed

425 1536 451 1601 si
469 1538 560 1600 Deus
575 1533 666 1598 nobis
682 1532 776 1595 vitam
792 1528 915 1593 dederit
930 1542 962 1593 et
984 1529 1165 1607 sanitatem,
1179 1550 1279 1612 quam
1302 1549 1373 1590 non·

424 1639 502 1704 dum
526 1637 606 1702 bene
630 1634 737 1720 adepti
762 1656 885 1705 sumus,
901 1654 1065 1717 speramus
1090 1631 1180 1717 quod
1205 1631 1313 1696 adhuc
1333 1629 1374 1693 ita

396 1755 406 1769 ·
426 1740 485 1805 tibi
502 1763 559 1826 per
583 1759 710 1803 manum
734 1749 874 1799 nostram
898 1737 1057 1798 Dominus
1079 1733 1279 1816 providebit,
1292 1730 1372 1818 quod

425 1841 544 1905 talibus
559 1864 620 1904 non
637 1839 746 1924 egebis
769 1837 910 1912 auxiliis,
926 1851 958 1900 et
981 1836 1103 1921 gratias
1124 1860 1202 1921 ages
1228 1836 1372 1909 Domino,

423 1941 511 2027 quod
533 1965 553 2003 a
575 1941 656 2004 mala
678 1938 911 2003 consuetudine
932 1961 1019 2003 suam
1041 1939 1246 2025 temporibus
1265 1937 1372 2001 vestris

421 2041 605 2107 liberaverit
620 2039 793 2103 ecclesiam.
838 2043 1002 2124 Rogamus
1017 2040 1140 2126 itaque,
1159 2056 1196 2105 ut
1219 2040 1309 2127 quod
1331 2039 1371 2101 le·

420 2142 521 2207 cimus
546 2156 674 2227 gratum
697 2140 825 2215 babeas,
849 2141 926 2227 quia
951 2140 1042 2203 nobis
1067 2163 1185 2226 parum
1213 2141 1371 2228 prodesset

423 2256 509 2309 totus
524 2242 676 2318 mundus,
694 2242 720 2307 si
735 2243 873 2305 animam
888 2243 1100 2325 perderemus.

755 2537 977 2603 EPISTOLA
1001 2540 1038 2601 L.

770 2707 823 2770 De
837 2706 1014 2770 Meritoria.

462 2847 613 2921 Causam,
635 2866 710 2931 qua
731 2842 814 2907 inter
835 2840 967 2905 dilectos
990 2841 1105 2905 fratres
1129 2851 1257 2907 nostros
1281 2861 1370 2906 cano-

419 2947 506 3011 nicos
521 2946 760 3027 Meritonenses‚
771 2958 804 3009 et
816 2942 985 3007 monachos
1000 2942 1040 3006 de
1058 2942 1165 3007 Melea
1176 2943 1369 3023 vertebatur,

418 3071 514 3133 super
542 3049 737 3132 possessione
768 3044 828 3108 loci
858 3045 914 3131 qui
945 3044 1064 3109 dicitur
1096 3046 1237 3111 Acchab.
1267 3062 1300 3111 et
1329 3051 1366 3112 B.

418 3163 449 3214 et
470 3148 605 3223 damnis,
621 3171 694 3233 quae
718 3147 778 3210 sibi
802 3147 944 3211 canonici
971 3149 1190 3234 querebantur
1216 3149 1317 3222 illata,
1329 3170 1368 3214 ex

415 3247 565 3311 mandato
580 3247 697 3309 domini
714 3269 805 3331 papae
820 3246 1010 3324 decidentes,
1026 3251 1198 3315 monachos
1212 3250 1368 3315 canonicis

414 3348 703 3423 condemnavimus,
733 3350 766 3412 in
797 3352 1029 3416 restitutionem
1067 3353 1194 3437 prael'ati
1226 3352 1298 3434 loci,
1325 3353 1365 3417 ad

414 3451 530 3515 damna
545 3450 605 3514 sibi
621 3450 827 3515 resarcienda.
873 3455 1016 3530 Quorum
1030 3477 1186 3519 summam
1204 3479 1305 3543 quum
1322 3455 1367 3520 illi

415 3551 455 3618 ad
470 3552 632 3638 octoginta
646 3575 778 3634 marcas,
793 3566 916 3618 servata
930 3557 1063 3620 veritate
1078 3571 1110 3622 et
1132 3557 1281 3623 adhibita
1302 3581 1364 3622 mo

415 3655 586 3727 demtione,
596 3654 814 3730 extenderent,
825 3677 881 3717 nos
891 3657 1037 3741 partibus
1049 3658 1163 3720 nostris
1172 3659 1367 3746 interpositis

413 3779 482 3821 eam
494 3755 534 3819 ad
548 3763 589 3820 40
600 3778 774 3821 marcarum
787 3756 974 3821 reduximus
985 3759 1209 3844 quantitatem.
1244 3763 1366 3828 Vestrae

413 3862 523 3945 itaque
547 3857 736 3923 fraternitati
752 3859 950 3940 mandamus,
963 3874 995 3924 et
1010 3860 1129 3925 domini
1149 3884 1244 3950 papae
1258 3880 1367 3931 aucto-

414 3964 508 4025 ritate
531 3961 744 4047 praecipimus,
758 3974 793 4025 ut
822 3962 972 4046 proefatos
995 3964 1164 4028 monachos
1185 3971 1367 4036 memoratis

413 4062 577 4136 fratribus,
596 4063 662 4147 jam
679 4063 802 4127 dictum
818 4061 938 4141 locum,
954 4079 985 4129 et
1001 4067 1167 4151 pecuniam
1183 4069 1365 4155 praelatam,

412 4164 496 4229 omni
514 4164 675 4228 occasione
698 4180 830 4242 remota,
854 4167 1021 4231 restituere
1043 4170 1254 4254 compellatis,
1270 4196 1311 4239 ne
1332 4176 1363 4240 in

411 4265 596 4333 executione
617 4264 758 4332 mandati
782 4268 945 4353 apostolici
971 4270 1174 4356 negligentiae
1197 4296 1254 4340 vos
1276 4277 1363 4364 quis·

409 4393 506 4457 quam
521 4391 654 4456 arguere
668 4368 767 4455 possit
781 4370 945 4437 obnoxios.
990 4373 1063 4437 Hoc
1077 4387 1184 4440 autem
1201 4380 1364 4445 monachis
