3034 5500
420 740 481 800 110
681 756 818 800 sonuum
833 755 1110 800 saussueurnssrs
1283 739 1327 817 [n.
1343 759 1369 802 n

410 905 456 968 eis
471 928 520 969 res
536 906 615 969 seria
633 906 801 988 agebatur,
821 906 908 969 etad
932 927 1031 990 quam
1054 905 1236 988 praesertim
1260 908 1368 991 cupido

410 1004 514 1070 suerat
545 1004 791 1091 properandum.
852 1007 960 1069 Vocati
992 1006 1076 1069 cnim
1108 1021 1213 1087 eraut,
1244 1021 1366 1072 centum

408 1129 527 1171 niarcas
552 1121 585 1172 et
615 1106 735 1192 aliquid
764 1107 902 1193 amplius
927 1108 1099 1194 accepturi.
1146 1109 1240 1173 Alter
1269 1127 1366 1175 mmen

406 1230 515 1272 eorum
533 1207 669 1292 vigilias,
684 1221 715 1271 et
737 1207 983 1272 sollicitudinem
997 1199 1089 1272 'suam
1107 1208 1215 1275 doluit
1232 1234 1299 1275 esse
1318 1212 1367 1276 de

409 1308 521 1384 lusam,
537 1308 677 1394 eoquod
696 1309 757 1372 sibi
774 1307 853 1371 nihil
868 1324 1042 1394 acceperat.
1070 1310 1163 1374 Alter
1178 1312 1264 1376 enim

515 1424 603 1476 Omne
615 1423 675 1477 tulit
687 1432 818 1494 punctam,
832 1430 859 1475 et
871 1425 974 1476 miscuit
986 1425 1050 1477 utile
1063 1426 1141 1477 dulci.

406 1525 502 1589 Nunc
529 1525 703 1610 intelligam
734 1525 758 1588 si
786 1525 872 1609 viget
900 1524 931 1587 in
961 1538 992 1588 te
1017 1527 1153 1612 spiritus
1180 1529 1365 1614 prophetiae,

406 1638 443 1688 ut
471 1623 662 1710 respondeas
688 1621 916 1697 incunctanter,
945 1624 1083 1686 utrinam
1111 1646 1223 1688 eorum
1252 1650 1301 1690 rcs
1326 1631 1362 1692 ad

407 1739 516 1791 votum
533 1726 672 1806 cesserit,
684 1747 749 1812 quo
765 1724 790 1786 si
806 1724 904 1787 fueris
918 1724 1106 1802 destitutus,
1117 1727 1250 1792 consule
1265 1729 1364 1794 adole·

407 1841 543 1892 scentem
568 1840 723 1905 nostrum,
743 1825 801 1910 qui
823 1825 972 1911 quotiens
991 1826 1114 1891 accedit
1135 1827 1178 1891 ad
1200 1852 1265 1908 me,
1289 1832 1362 1898 sicut

405 1927 540 2003 doctior,
567 1929 614 1991 ita
640 1927 764 1990 tenuior
792 1926 882 1990 abeo.
924 1927 1066 2012 Expedit
1093 1930 1179 1993 enim
1213 1944 1251 1996 ut
1281 1933 1363 2018 quod

406 2030 522 2115 loquor
548 2033 587 2094 sit
619 2029 840 2093 absconditum
871 2028 912 2092 ab
935 2027 1039 2092 oculis
1062 2032 1147 2115 ejus,
1168 2051 1210 2094 ne
1236 2034 1262 2096 si
1285 2032 1362 2098 forte

406 2132 502 2195 trium
518 2130 675 2194 vocalium
691 2129 884 2192 collisionem
902 2129 1161 2215 deprehenderit,
1179 2133 1286 2220 turpis
1300 2135 1361 2197 soni

403 2247 435 2298 ct
451 2230 634 2314 irregularis
650 2230 737 2293 vcrbi
754 2229 905 2293 mulctam
922 2254 1019 2317 cogar
1032 2231 1210 2298 exsolvere.
1238 2237 1361 2300 Nam‘m

404 2333 614 2423 patrocinium
635 2354 741 2396 meum
763 2331 932 2397 abusiones
952 2347 1119 2398 auctorum
1140 2336 1266 2400 frustra
1284 2361 1362 2422 pra—

401 2437 528 2502 tendam
543 2435 655 2520 juveni
677 2434 823 2520 regulare
843 2437 900 2520 jus
920 2436 1108 2520 opponenti,
1123 2449 1156 2500 et
1181 2437 1240 2523 qui
1258 2461 1360 2522 gram

402 2539 526 2604 maticoe
549 2538 715 2625 praeceptis
734 2535 890 2620 invigilat.
936 2537 1028 2616 Quod
1053 2537 1079 2601 si
1099 2552 1259 2604 secretum
1276 2538 1359 2605 istud

403 2642 527 2714 minori,
544 2653 580 2704 ut
601 2660 727 2726 poenam
751 2636 871 2722 exigat,
886 2639 985 2703 l'rater
1000 2652 1108 2703 noster
1130 2638 1235 2722 major
1258 2641 1360 2726 prodi

401 2743 497 2822 derit,
513 2757 550 2808 tu
574 2764 678 2806 meum
698 2762 835 2827 procura
857 2739 1033 2825 negotium,
1049 2739 1204 2825 dicasque
1226 2765 1290 2806 non
1310 2766 1360 2828 ag·

398 2867 542 2933 gressum
573 2866 651 2924 esse,
678 2855 713 2907 ut
743 2864 817 2906 cum
847 2842 1057 2926 grammatico
1086 2841 1293 2909 adolescente
1321 2844 1359 2908 dc

398 2947 607 3032 grammatica
626 2944 825 3018 contendam,
842 2941 896 3006 sed
916 2956 952 3007 ut
974 2944 1237 3029 quibuscumque
1257 2946 1359 3011 verbis

397 3061 510 3132 potero
538 3047 631 3110 amici
658 3044 835 3110 londoniis
861 3068 879 3107 a
907 3045 1073 3109 cornubia
1101 3067 1230 3110 causam
1258 3068 1357 3132 agam.

398 3145 541 3223 Quodsi
563 3143 751 3208 alterutrius
771 3142 948 3229 periculum
971 3143 1130 3219 imminet,
1154 3146 1258 3211 satius
1277 3148 1358 3211 daeo

397 3267 471 3309 cum
487 3243 655 3329 dispendio
669 3245 899 3325 grammatica,
910 3264 1036 3308 causam
1049 3245 1180 3322 lucrari,
1195 3270 1306 3334 quam,
1322 3262 1355 3312 ut

394 3343 603 3429 grammatice
611 3342 734 3429 loquar,
742 3345 1138 3431 causoesubirejscturam.
1154 3351 1266 3423 Quum
1275 3349 1355 3413 enim

395 3445 461 3511 duo
486 3447 647 3531 quondam
672 3446 798 3531 patroni
826 3469 1006 3521 celisanum,
1033 3470 1119 3511 nunc
1146 3460 1301 3533 pastores,
1322 3467 1356 3515 ut

396 3546 525 3625 dicitur,
540 3545 727 3626 animarum,
738 3560 769 3611 et
786 3546 889 3610 officio
904 3549 1056 3635 episcopi,
1075 3548 1281 3615 lexoviensis
1296 3552 1355 3615 sci·

393 3648 479 3724 licet,
489 3660 521 3711 et
536 3646 751 3720 Cicestrensis,
762 3647 882 3735 dispari
893 3650 945 3711 via
959 3648 1179 3733 procederent,
1190 3665 1224 3716 et
1237 3654 1354 3717 lexov.

392 3770 498 3813 causac
525 3747 632 3811 mallet
656 3748 760 3812 facere
785 3749 1025 3825 detrimentum,
1049 3774 1145 3836 quam
1174 3753 1276 3829 verbi,
1299 3756 1352 3839 qui

392 3872 478 3915 nunc
501 3849 663 3915 Cicestrioe
686 3862 745 3928 est,
768 3853 796 3914 ei
819 3850 938 3936 pictam
962 3851 1096 3916 cedebat
1120 3850 1278 3938 lingnam,
1299 3852 1352 3916 nd

392 3949 547 4034 triumphi
577 3951 712 4034 gloriam
738 3950 884 4036 diligenti
911 3973 1018 4016 rerum
1043 3952 1249 4018 observantia
1274 3975 1353 4040 prae·

390 4048 545 4133 ripiebat:
582 4063 732 4116 neutrum
756 4054 874 4117 imitari
900 4052 1000 4127 valeo,
1025 4053 1079 4117 scd
1103 4053 1236 4120 alterius
1258 4055 1351 4120 credo

390 4150 587 4235 praeferenda
608 4152 750 4237 vestigia.
786 4151 891 4235 Igitur
912 4177 1044 4239 agamm
1065 4156 1154 4241 quod
1177 4160 1301 4241 agitur,
1320 4170 1350 4219 et

390 4252 539 4337 pauperis
549 4251 687 4314 concivis
700 4252 799 4315 nostri
815 4275 940 4317 caumm
954 4254 1073 4320 habeas
1084 4256 1348 4323 ammendatam.

390 4348 487 4424 Quod
516 4364 552 4413 ut
581 4349 768 4433 diligentius
795 4352 901 4433 facias,
929 4354 957 4416 ei
984 4354 1130 4441 crepidas
1159 4356 1249 4435 dedi,
1272 4378 1350 4443 quas
