3034 5500
418 752 478 811 104
672 769 1097 815 sossnrssauasneurausrs
1275 751 1321 832 [t.
1336 775 1361 822 n.

413 919 569 985 tiendum.
621 919 777 984 solebatis
802 932 833 982 et
860 919 938 983 mibi
970 920 1109 984 credere.
1164 921 1235 984 Nec
1264 921 1361 986 adhuc

410 1023 539 1107 quidem
564 1021 717 1099 demerui,
740 1023 941 1086 conscientiae
963 1036 995 1086 et
1018 1024 1108 1087 verbi
1132 1023 1196 1086 mei
1223 1024 1313 1088 testis
1333 1023 1360 1087 in

407 1124 488 1187 eoelo
517 1124 618 1189 fidelis
639 1137 699 1199 est,
721 1136 753 1187 et
775 1123 832 1209 qni
861 1146 954 1187 omne
983 1124 1185 1189 mendacium
1215 1124 1310 1210 punit
1332 1139 1362 1189 et

412 1225 554 1290 mercede
568 1226 700 1289 amicam
717 1223 777 1288 sibi
793 1237 975 1288 remunerat
990 1225 1169 1289 veritatem.
1217 1225 1361 1289 Latorem

410 1327 614 1412 praesentium
641 1326 747 1389 minus
776 1325 910 1410 diligere
930 1327 1107 1400 consuevit,
1132 1348 1172 1389 ex
1201 1347 1271 1411 qun
1295 1348 1361 1389 eum

410 1430 500 1515 coegi
515 1428 555 1492 ad
571 1427 723 1504 reditum,
735 1427 915 1512 suspicatus
929 1427 1017 1513 quod
1035 1450 1084 1491 me
1099 1427 1281 1502 induceret,
1290 1426 1363 1490 adon

413 1529 542 1616 quidem
570 1543 607 1595 ut
632 1528 722 1593 illum
746 1529 802 1592 vix
827 1529 982 1613 coegerim
1007 1529 1226 1608 transfretare,
1248 1529 1304 1592 sed
1325 1527 1361 1591 ad

413 1631 473 1695 boc
489 1653 539 1696 me
553 1643 697 1715 coegerat
713 1652 802 1693 amor
815 1642 930 1708 vester,
939 1629 991 1693 cui
1006 1628 1109 1693 debeo
1124 1629 1283 1717 quioquid
1298 1652 1362 1693 sum

413 1747 446 1798 et
461 1755 602 1820 mesum,
613 1735 710 1797 immo
724 1745 757 1795 et
772 1732 925 1818 quioquid
940 1754 995 1795 ero
1009 1745 1042 1796 et
1058 1746 1184 1816 potero,
1199 1747 1233 1797 et
1249 1732 1274 1796 si
1289 1732 1362 1819 quid

417 1849 521 1899 tamen
537 1834 675 1922 amplius
689 1848 834 1922 potuero.
879 1832 999 1898 valete.

677 2088 900 2152 EPISTOLA
924 2089 1094 2152 LXXVII.

456 2244 599 2308 Gustum
624 2257 738 2309 vestre
761 2246 977 2331 congratulor,
991 2269 1066 2332 quoe
1087 2245 1168 2310 dum
1190 2247 1362 2311 amicorum

413 2369 566 2423 meorum,
584 2360 621 2411 ut
641 2347 796 2424 creditur,
812 2349 992 2434 profectum
1014 2349 1145 2435 quaerit,
1165 2372 1274 2414 meum
1295 2373 1363 2436 pro

413 2448 529 2512 meruit
545 2447 745 2512 famulatum.
792 2450 966 2527 Ca’terum,
983 2449 1065 2514 sicut
1079 2471 1142 2513 non
1159 2471 1289 2534 ροεευω
1306 2471 1362 2511 non

412 2549 589 2635 approbare
606 2549 747 2614 caritatis
762 2549 924 2626 affectum,
947 2553 992 2615 sic
1007 2573 1069 2614 non
1092 2573 1227 2636 possim
1249 2549 1364 2636 simpli-

412 2651 517 2717 citatis
542 2675 604 2716 non
630 2653 802 2737 reprobare
832 2652 1010 2718 consilium.
1057 2653 1191 2717 Gradus
1217 2653 1314 2732 enim,
1332 2653 1362 2716 in

413 2776 507 2841 quem
536 2753 627 2820 illurn
657 2758 794 2820 amicum
820 2768 959 2821 restrum
986 2755 1084 2821 vultis
1104 2756 1285 2829 intrudere,
1309 2777 1363 2818 nec

411 2861 576 2943 proposito
589 2857 659 2944 ejus
674 2858 835 2941 congruit,
843 2879 901 2921 nec
913 2858 1012 2937 retati,
1022 2857 1076 2921 sed
1089 2869 1175 2921 certe
1187 2879 1247 2921 nec
1259 2856 1363 2921 saluti.

411 2959 578 3024 Desiderio
601 2981 732 3045 quoque
747 2973 852 3024 vestro
865 2982 938 3023 cum
961 2958 1073 3024 multis
1091 2958 1163 3022 aliis
1186 2962 1272 3023 ratio
1286 2971 1363 3024 tem·

411 3059 495 3144 poris
517 3060 708 3145 refragatur,
730 3073 762 3124 et
786 3060 855 3125 loci.
901 3064 1004 3125 Nemo
1030 3070 1136 3146 potest
1159 3059 1291 3126 duobus
1312 3060 1364 3124 do-

411 3158 504 3222 minis
526 3161 654 3236 servire,
678 3173 715 3224 nt
737 3161 897 3246 liquidum
920 3162 961 3225 sit
982 3163 1108 3246 justum
1132 3184 1196 3226 non
1220 3185 1313 3249 posse
1333 3176 1362 3226 et

409 3258 566 3343 profectui
591 3260 728 3325 fratrum
754 3262 920 3349 invigilare
950 3264 1085 3341 utiliter,
1110 3276 1144 3328 et
1170 3262 1364 3328 satellitibus

409 3358 506 3423 curiae
526 3359 568 3425 ad
593 3365 730 3447 gratiam
754 3363 910 3427 famulari.
957 3368 1071 3429 Nonne
1093 3364 1147 3429 isti
1170 3364 1203 3427 in
1228 3364 1364 3451 patroci-

409 3461 498 3525 nium
518 3462 744 3549 improbitatis,
761 3486 801 3527 ne
823 3462 925 3529 dicam
948 3464 1156 3551 flagitiorum,
1173 3465 1215 3529 ad
1239 3464 1364 3550 singula

409 3568 528 3651 regiam
544 3581 711 3652 opponunt
727 3567 973 3632 auctoritatem?
1005 3573 1093 3633 Bene
1113 3590 1192 3653 ergo
1210 3567 1318 3653 agenti
1333 3580 1363 3630 et

408 3669 512 3732 tuenti
527 3666 768 3733 ecclesiasticam
784 3669 960 3733 libertatem
976 3668 1063 3755 apud
1077 3691 1134 3733 vos
1145 3668 1254 3732 obatat
1271 3668 1363 3754 regis,

409 3767 463 3831 sed
479 3767 560 3832 male
575 3767 682 3854 agenti
705 3768 854 3834 reclamat
871 3769 991 3856 ubique
1006 3769 1183 3833 auctoritas
1198 3767 1280 3853 legis
1301 3768 1362 3830 Do-

406 3868 494 3934 mini.
548 3870 628 3947 Quis
658 3892 762 3935 senem
789 3871 822 3934 in
851 3869 1034 3935 consulatus
1059 3869 1180 3955 angulo
1209 3872 1361 3956 positum,

408 3969 572 4035 commode
586 3972 682 4038 saciat
697 3972 831 4037 circuire
853 3972 1059 4058 provinciam,
1074 3985 1107 4035 et
1125 3970 1363 4058 emergentibus

406 4092 498 4135 nouae
516 4070 713 4137 difficultatis
727 4073 869 4138 articulis
891 4073 921 4136 in
946 4084 1107 4136 momento
1122 4073 1360 4136 transcurrere?

408 4171 553 4236 Alienum
570 4172 633 4236 suit
649 4193 773 4254 semper
788 4195 807 4234 a
823 4172 986 4258 proposito
1001 4169 1150 4245 hominis,
1166 4171 1306 4237 aliorum
1323 4169 1361 4234 ob

406 4274 571 4341 avaritiam
581 4272 1039 4358 explorareuitam‚ricinorum
1050 4271 1192 4337 insidiari
1201 4272 1359 4359 operibus,

407 4378 525 4441 amicos
548 4395 616 4437 reos
638 4372 752 4449 facere,
769 4389 861 4437 notos
883 4374 1002 4459 pariter
1024 4388 1055 4437 et
1079 4374 1218 4458 ignotos,
1239 4388 1276 4440 ut
1299 4372 1360 4460 pla-
