3034 5500
282 760 341 820 161
546 772 683 817 Josssus
699 770 980 818 ssessssarsssrs
1150 757 1195 837 [s.
1210 775 1236 820 s

283 925 429 999 mabunt,
445 946 525 1011 quos
546 945 652 987 rerum
676 922 816 1009 qualitas
836 937 870 989 et
890 947 1001 988 causae
1016 924 1160 990 calculus
1175 928 1235 990 risi-

283 1028 339 1091 bili
362 1027 465 1112 specie
487 1026 612 1112 plenius
633 1025 823 1091 edocebunt.
871 1025 946 1112 Ego
969 1050 1106 1115 quoque
1127 1029 1160 1093 in
1181 1053 1236 1116 qm

282 1151 411 1214 possum
436 1129 495 1193 tibi
517 1149 581 1192 non
605 1128 712 1204 deero,
736 1128 860 1192 litteras
882 1152 967 1214 quas
989 1151 1032 1193 ex
1059 1144 1151 1217 parte
1174 1154 1234 1195 mes

247 1309 253 1315 ἱ
281 1231 412 1295 domino
435 1254 526 1317 papas
550 1229 667 1306 trades,
689 1231 825 1316 accipies
848 1255 868 1295 s
894 1231 998 1295 latore
1026 1234 1232 1317 presentium,

281 1330 341 1396 tibi
355 1346 387 1396 et
403 1331 559 1396 fratribus
573 1330 693 1394 domini
715 1332 925 1415 praecentoris
945 1333 1068 1397 bonurn
1085 1349 1232 1420 optantes,

283 1447 316 1496 et
332 1433 454 1497 utinam
470 1433 668 1497 obtinentes!
692 1432 725 1496 Si
740 1437 889 1498 affectum
903 1434 1044 1500 effectus
1058 1456 1121 1499 non
1137 1435 1232 1524 sequi·

284 1551 349 1609 tur,
364 1537 505 1600 animum
522 1534 637 1600 veteris
650 1534 742 1599 amici
757 1556 820 1597 non
836 1558 967 1621 argues,
983 1537 1040 1600 sed
1057 1538 1225 1602 fortunam.

300 1776 522 1841 EPISTOLA
545 1775 647 1839 CXV.
654 1794 737 1837 -sn
752 1792 892 1840 rernm
907 1795 1073 1841 ssasrsrs
1089 1795 1226 1842 muss-

597 1894 673 1938 sers.
692 1874 737 1954 [s
755 1895 784 1938 u.
806 1877 917 1957 uss]

626 2027 765 2093 Cellensi
780 2029 902 2093 Abbati.

327 2147 545 2211 Occsstosurs
557 2147 714 2209 scribendi
725 2146 815 2210 vobis
823 2161 990 2231 gratanter
998 2150 1230 2236 arripui,quum

282 2248 369 2334 apud
391 2269 448 2311 nos
462 2247 602 2311 viderem
623 2247 796 2325 hominem,
811 2271 908 2334 quern
931 2249 1048 2314 advos
1070 2252 1229 2316 credebam

282 2372 494 2415 reversurum.
540 2351 666 2414 Nuntio
689 2350 789 2433 igitur
815 2350 1018 2417 salutationis
1042 2370 1159 2418 restrae
1183 2355 1231 2417 be·

283 2457 379 2536 nigne
394 2465 553 2537 suscepto,
564 2474 637 2515 cum
653 2475 691 2515 eo
705 2453 746 2515 de
761 2452 928 2516 referenda
939 2455 1034 2519 robis
1048 2454 1230 2521 salutatione

282 2555 440 2630 contraxi,
466 2555 527 2619 sub
556 2569 686 2640 accepta
711 2556 868 2633 cautione,
895 2557 973 2642 quia
999 2580 1136 2644 persons
1159 2559 1229 2622 mibi

281 2673 349 2723 erat
364 2657 534 2742 incognita.
579 2658 661 2734 Quae
676 2657 785 2742 itaque
799 2657 883 2720 circa
905 2680 956 2721 me
978 2675 1069 2735 sunt,
1084 2684 1124 2725 ex
1145 2675 1229 2746 parte

284 2762 439 2837 describo,
461 2774 494 2825 et
517 2782 641 2847 possem
666 2762 788 2825 utinam
812 2761 948 2826 scribere
969 2762 1114 2828 laetiors!
1148 2763 1229 2828 Post·

284 2890 382 2954 quam
402 2866 446 2930 ab
462 2860 592 2929 ecclesia
613 2866 757 2928 Romana
779 2885 924 2928 reversus
946 2888 1031 2943 sum,
1046 2880 1096 2931 tot
1119 2868 1230 2932 acerbi·

284 2971 362 3034 tatis
375 2992 441 3033 snae
466 2967 625 3031 molestias
648 2967 681 3029 in
705 2988 755 3029 me
770 2966 900 3030 fortuna
924 2969 1097 3051 congessit,
1112 2985 1148 3035 ut
1170 2971 1229 3033 t‘ere

283 3072 363 3136 nihil
378 3070 562 3134 adversitati
577 3069 752 3132 existimem
770 3090 820 3131 me
834 3083 929 3132 autea
943 3071 1135 3153 praetulisse.
1172 3074 1229 3135 bli-

282 3171 397 3236 ramini
419 3172 562 3244 forsitan,
583 3185 615 3235 et
638 3171 876 3256 obstupescitis,
896 3172 976 3257 quid
1001 3195 1053 3235 me
1075 3185 1230 3260 tantopere

283 3275 424 3362 potuerit
440 3274 638 3358 perturbare.
684 3279 763 3338 llaec
777 3274 811 3337 iu
826 3297 903 3338 aure
918 3287 1024 3339 vestra
1041 3279 1151 3360 paucis
1164 3300 1231 3360 ape

281 3378 370 3442 riam
416 3376 611 3440 serenissimi
627 3376 761 3454 domini,
778 3376 987 3462 potentissimi
1003 3378 1125 3442 domini
1141 3380 1228 3463 regis,

281 3477 477 3545 invictissimi
495 3478 649 3564 principis
668 3481 769 3543 nostri
792 3493 860 3543 tota
873 3479 905 3542 in
922 3502 973 3543 me
997 3480 1164 3546 incanduit
1185 3483 1229 3545 in·

281 3582 435 3668 dignatio.
482 3582 515 3644 Si
541 3603 667 3644 causam
695 3582 850 3667 quaeritis,
877 3584 908 3646 ei
934 3583 1019 3646 l'orte
1046 3583 1121 3669 plus
1145 3586 1231 3670 justo

280 3685 356 3762 favi,
375 3683 567 3770 promotioni
591 3706 658 3746 suae
684 3684 889 3770 ultraquam
916 3683 1097 3768 oportuerit
1121 3687 1231 3761 institi,

281 3791 324 3855 ad
340 3791 398 3853 boc
415 3802 483 3852 toto
503 3786 659 3850 desiderio
681 3788 786 3851 cordis
808 3789 982 3874 suspirans,
1000 3804 1038 3853 ut
1061 3812 1156 3876 quem
1171 3790 1232 3853 sor·

281 3903 369 3956 tunae
392 3888 512 3952 invidia
534 3887 700 3950 credebam
724 3892 937 3965 exultantem,
961 3889 1164 3954 miseratione
1186 3889 1232 3952 di·

279 3994 353 4057 vina
378 4006 563 4076 regnantem
588 4012 747 4054 cernerem
776 3993 807 4054 in
832 4004 960 4076 patrum
987 3992 1080 4067 solio,
1103 4007 1134 4057 et
1159 3993 1231 4077 jura

277 4096 450 4160 dictantem
466 4092 498 4155 in
515 4092 643 4177 populis
657 4103 690 4156 et
704 4092 896 4156 nationibus.
943 4092 995 4155 Sic
1020 4094 1105 4157 forte
1129 4093 1230 4157 decre·

278 4198 325 4261 vit
356 4195 515 4261 Dominus
549 4194 662 4279 punire
701 4194 933 4280 impatientiam
974 4194 1127 4260 desiderii
1166 4194 1231 4259 urei.

278 4298 440 4383 Quicquid
467 4299 549 4362 enim
577 4297 781 4382 impatienter
804 4298 981 4383 appetitur,
1007 4298 1058 4361 vel
1084 4300 1161 4386 fuga
1183 4295 1228 4360 rel

272 4422 403 4465 accessu
419 4398 538 4464 doloris
549 4399 703 4484 importat
715 4400 849 4465 aculeos.
891 4399 1002 4483 Hujus
1014 4416 1124 4467 tamen
1134 4401 1232 4487 culpa
