3034 5500
288 743 452 822 flet-8]
669 758 848 804 aristone.
1197 748 1233 806 11

282 913 368 999 hujus
381 911 490 976 aetstis
503 922 654 997 poterant
666 909 844 995 pervenire,
855 908 965 973 ambas
977 911 1098 995 pariter
1109 911 1235 976 nomine

281 1011 456 1079 monsterii
481 1010 730 1076 Rumiliscensis
752 1011 976 1096 possederant;
1001 1025 1072 1076 tum
1093 1012 1170 1099 quia
1192 1014 1234 1078 ad

278 1114 518 1179 advocationem
550 1111 697 1199 ejusdem
733 1112 856 1177 domini
894 1112 1062 1200 aequaliter
1095 1123 1234 1200 utreque

278 1217 432 1302 pertinere
464 1216 650 1292 videbatur,
681 1226 713 1278 et
743 1216 821 1300 quia
855 1214 987 1279 eandem
1017 1215 1169 1302 capellam
1199 1217 1232 1280 in

276 1319 424 1404 panrcbia
446 1319 489 1381 de
512 1317 594 1384 Reia
620 1317 712 1381 sitam
737 1339 806 1380 esse
831 1317 1023 1381 asserebant.
1067 1321 1233 1382 Postremo

275 1422 346 1507 quia
360 1441 498 1506 corpora
520 1419 745 1485 defunctorum
767 1416 809 1482 ad
831 1417 984 1504 capellam
1002 1418 1230 1505 pertinentium

275 1547 310 1587 er
327 1521 406 1606 jure
426 1535 460 1586 et
483 1519 715 1585 consuetudine
737 1521 770 1583 in
794 1519 967 1606 saepedicta
988 1521 1120 1584 ecclesia
1146 1544 1233 1607 sepe-

274 1622 442 1690 liebantur.
490 1625 615 1690 Contra
630 1622 698 1686 baec
712 1622 772 1699 illi,
788 1645 827 1686 eo
842 1622 930 1707 quod
948 1621 1009 1686 sibi
1025 1622 1065 1685 de
1081 1622 1232 1688 mandato

274 1740 308 1791 ut
322 1726 474 1791 dicebant
486 1746 551 1788 non
562 1736 736 1800 constaret,
746 1725 931 1787 cautionem
945 1722 987 1787 de
1001 1735 1072 1787 rato
1087 1747 1108 1787 a
1117 1746 1234 1788 memo

277 1841 341 1893 rato
367 1828 475 1914 priore
500 1826 682 1910 exigebant.
728 1827 824 1890 Prior
846 1847 922 1889 vero
948 1825 1030 1890 bane
1054 1826 1232 1892 cautionem

278 1930 358 2016 exigi
375 1952 436 1993 non
453 1944 602 2015 oportere
625 1928 796 2004 asserebat,
814 1950 914 2012 quum
937 1928 978 1991 de
994 1928 1145 1993 mandato
1160 1952 1233 1993 con-

278 2046 383 2109 staret,
413 2046 478 2096 tam
502 2056 544 2096 ex
567 2031 683 2095 litteris
710 2029 836 2095 abbatis
861 2030 1079 2097 Cluniacensis
1103 2043 1136 2096 et
1159 2054 1232 2096 con-

277 2149 389 2200 ventus
430 2133 687 2211 Rumiliacensis,
719 2155 816 2218 quam
854 2155 894 2196 ex
931 2133 1075 2219 apicibus
1111 2133 1231 2198 domini

277 2237 471 2301 Morinensis
494 2234 645 2321 episcopi.
691 2236 853 2298 Praeterea
874 2233 1053 2298 dilatoriam
1078 2236 1159 2299 hanc
1178 2259 1232 2300 ex-

277 2338 453 2425 ceptionem
470 2340 502 2402 in
520 2335 613 2400 initio
626 2348 813 2422 oportuerat
824 2358 878 2400 eos
893 2337 1076 2421 opposuisse
1092 2337 1124 2400 iu
1139 2337 1233 2401 audi·

277 2440 355 2504 torio
377 2437 500 2502 domini
526 2436 766 2513 Londonienns,
792 2459 832 2502 ex
856 2437 1035 2503 abundanti
1060 2453 1166 2503 mmen
1192 2460 1232 2502 ne

278 2563 404 2606 causam
420 2539 545 2605 diutius
561 2552 692 2624 possent
707 2561 795 2602 more
819 2562 878 2603 suo
898 2540 1084 2624 protrahere
1104 2538 1232 2626 praet'ati

278 2642 359 2722 laici,
381 2642 477 2706 nobis
501 2640 631 2705 idoneos
658 2639 861 2725 fidejussores
890 2640 989 2704 dedit.
1050 2641 1231 2706 Adversarii

278 2768 353 2810 rero
367 2744 408 2809 de
422 2743 530 2829 legum
541 2740 720 2808 subtilitate
736 2743 875 2808 nitentes
890 2739 983 2806 aliam
996 2742 1232 2807 satisdationem

277 2846 336 2911 sibi
352 2845 422 2911 fieri
436 2844 621 2930 exigebant,
637 2868 675 2908 eo
698 2842 786 2928 quod
810 2843 837 2905 si
855 2862 915 2925 pro
937 2865 970 2905 se
986 2843 1050 2907 lata
1065 2844 1148 2906 foret
1163 2863 1231 2906 sen·

276 2948 389 3026 tentia,
405 2961 476 3033 post
492 2961 637 3032 tempora
658 2957 767 3008 nostra
788 2942 967 3028 captiosum
987 2940 1069 3005 illud
1083 2942 1232 3009 futurum

276 3063 369 3125 esset,
400 3050 425 3114 si
455 3049 561 3113 denuo
591 3046 738 3112 monachi
776 3045 865 3109 litem
901 3067 1026 3109 morere
1063 3057 1233 3126 tentarent,

277 3151 413 3216 maxime
432 3174 533 3238 quum
558 3150 652 3214 iidem
672 3149 742 3214 laici
759 3147 877 3234 saepius
898 3170 918 3212 a
937 3145 1073 3213 dirersis
1091 3147 1233 3234 personis

277 3277 309 3317 se
336 3254 451 3319 litibus
479 3268 511 3318 et
545 3251 728 3340 sumptibus
765 3274 862 3339 super
898 3250 957 3315 hac
991 3251 1102 3316 eadem
1136 3273 1233 3318 eausa

277 3368 406 3420 vexatos
422 3379 490 3419 esse
502 3368 726 3441 quererentur.
773 3353 866 3417 Prior
876 3375 951 3418 vero
963 3353 1104 3418 sufficere
1115 3354 1231 3419 debere

276 3455 488 3520 contendebat
512 3455 601 3542 quod
620 3456 724 3542 judici
751 3455 832 3519 tides
858 3455 942 3519 facta
964 3458 1053 3520 foret.
1101 3454 1233 3531 Quibus

277 3555 307 3619 in
324 3557 411 3623 bunc
427 3556 558 3621 modum
570 3555 839 3621 contendentibus
850 3579 907 3620 nos
916 3556 1099 3622 interlocuti
1111 3580 1233 3643 sumus,

277 3655 353 3722 nibil
372 3658 435 3722 tale
450 3658 492 3723 ab
506 3658 639 3723 ecclesia
654 3662 801 3723 Romana
814 3658 856 3721 ad
872 3680 930 3722 nos
941 3681 1044 3743 usque
1059 3682 1231 3741 emanasse,

277 3780 332 3822 nec
364 3758 544 3824 meminisse
574 3782 631 3824 nos
663 3760 788 3846 aliquid
818 3759 1004 3847 hujusmodi
1034 3760 1066 3824 in
1096 3762 1234 3827 decretis

277 3881 473 3946 expressum,
489 3873 521 3925 et
537 3874 647 3925 contra
663 3862 925 3926 consuetudinem
946 3862 1036 3947 regni
1054 3864 1232 3950 Anglorum

277 3984 343 4026 esse
369 3963 460 4049 quod
485 3963 694 4046 postularent.
740 3964 838 4028 Unde
864 3964 991 4050 praelati
1018 3963 1078 4029 viri
1102 3981 1232 4054 accepta

277 4064 440 4129 occasione
455 4062 651 4128 audientiam
669 4077 804 4129 vestram
821 4066 1036 4152 appellarunt,
1052 4067 1134 4132 diem
1152 4092 1233 4155 prae·

277 4164 423 4230 linientes
446 4166 584 4230 Octavas
609 4168 822 4233 Pentecostes.
868 4170 976 4247 Quum
1004 4192 1081 4254 ergo
1104 4193 1231 4235 causam

278 4266 434 4352 integram
460 4279 497 4331 ut
515 4272 661 4351 oportuit
683 4271 839 4356 majestati
865 4285 978 4336 vestrae
1002 4293 1233 4336 reservaremus

279 4367 503 4444 definiendam,
528 4370 614 4454 prior
634 4395 665 4435 se
685 4372 858 4437 admodum
883 4385 1048 4457 gravatum
1073 4395 1138 4435 esse
1161 4394 1233 4435 con-
