3034 5500
281 777 482 858 trau-61]
669 792 846 839 arrsrouas.
1191 784 1232 842 ω

273 946 489 1012 ministerium
510 967 617 1009 meum
631 945 719 1030 regni
737 945 986 1031 gubernaculum
1002 946 1177 1031 accepistis,
1195 962 1231 1013 ut

275 1071 357 1123 eam,
381 1047 407 1112 si
429 1046 545 1133 placet,
568 1046 610 1109 ab
630 1047 756 1110 incursu
781 1068 950 1131 pravorum
977 1047 1140 1112 hominum
1163 1061 1231 1113 tue-

277 1149 393 1214 amini:
417 1162 452 1213 et
474 1148 565 1224 milri,
588 1147 644 1235 qui
660 1171 740 1223 eam,
768 1147 841 1212 licet
861 1148 1024 1235 indiguus,
1045 1149 1231 1235 disponente

278 1251 431 1327 Domino,
446 1252 601 1314 hactenus
623 1263 659 1314 ut
681 1250 771 1335 potui
786 1263 818 1314 et
841 1250 928 1330 scivi,
950 1251 1028 1327 rexi,
1045 1250 1140 1315 talem
1164 1264 1231 1316 stu-

277 1351 379 1416 deatis
394 1353 570 1438 subrogare
589 1364 759 1437 pastorem,
776 1355 833 1436 qui
853 1365 941 1418 tanta
956 1352 1029 1417 sede
1048 1376 1110 1416 uon
1126 1353 1232 1418 videa-

279 1468 333 1518 tur
346 1454 510 1539 indignus,
526 1453 578 1517 cui
594 1453 705 1539 religio
720 1455 852 1540 placeat,
869 1455 926 1540 qui
943 1455 1098 1519 virtutum
1110 1456 1232 1520 meritis

277 1555 400 1642 placere
434 1553 583 1619 credatur
615 1555 790 1619 Altissimo.
845 1555 962 1620 Fidelis
996 1569 1100 1620 vester
1135 1580 1228 1621 suum

278 1659 369 1722 vobis
383 1657 548 1723 consilium
564 1655 677 1720 debet:
706 1680 778 1721 ecee
795 1680 901 1721 coram
925 1658 1063 1721 Domino
1083 1669 1116 1720 et
1129 1659 1231 1722 omni·

281 1759 343 1822 bus
371 1758 487 1823 unctis
517 1758 594 1843 ejus,
625 1757 791 1821 consilium
822 1758 873 1823 do.
920 1759 992 1820 Non
1022 1759 1172 1845 quaeratis
1197 1761 1230 1823 in

282 1860 342 1923 hac
364 1882 398 1922 re
419 1881 490 1944 quae
505 1872 608 1922 vestra
628 1872 713 1937 sunt,
735 1859 789 1922 sed
813 1879 886 1944 quae
909 1859 1051 1937 Domini,
1074 1861 1150 1946 quia
1171 1885 1231 1947 ego

282 1983 343 2045 pro
367 1983 406 2024 eo
428 1959 598 2048 respondeo
622 1960 720 2036 vobis,
745 1961 833 2045 quod
858 1958 883 2024 si
909 1983 1037 2024 causam
1061 1963 1132 2047 ejus
1153 1963 1230 2027 fide-

282 2061 354 2125 liter
382 2062 635 2146 procuraveritis,
658 2076 690 2127 et
719 2065 787 2147 ipse
813 2076 934 2127 vestras
961 2062 1081 2127 utiliter
1105 2087 1230 2149 promo-

278 2164 374 2228 vebit.
422 2163 501 2228 Post
524 2163 640 2229 multas
663 2166 854 2242 vexationes,
877 2179 1005 2229 auctore
1029 2167 1178 2248 Domino,
1195 2168 1227 2233 in

278 2265 407 2329 ecclesia
429 2266 651 2330 Cantuariensi
669 2267 911 2330 reformavimus
926 2291 1046 2351 pacem,
1068 2268 1229 2355 religionis

277 2368 496 2452 promovimus
517 2366 651 2444 cultum,
673 2368 804 2432 idoneos
834 2393 873 2432 ex
903 2369 1093 2434 conscientia
1121 2386 1229 2437 nostra

277 2469 426 2534 custodes
443 2469 644 2555 prefecimus
666 2469 782 2551 ordini,
802 2484 834 2534 et
857 2494 896 2534 ne
911 2471 983 2559 quis
998 2495 1108 2538 eorum
1123 2477 1230 2560 cujus-

277 2596 373 2660 quam
397 2573 576 2637 temeritate
603 2585 757 2651 mutetur,
781 2587 951 2661 autequam
974 2577 1229 2664 archiepiscopus

277 2678 480 2762 subrogetur,
492 2675 660 2764 prohibeat
672 2677 817 2762 dignatio
833 2692 948 2760 vestra,
958 2701 1074 2767 eosque
1083 2679 1229 2745 cohibeat

278 2780 333 2867 qui
349 2781 501 2845 scissuras
521 2793 551 2845 et
568 2803 649 2844 nova
669 2781 831 2845 molimina
846 2782 1025 2847 molientur.
1070 2784 1227 2855 Quoniam

276 2894 307 2946 et
323 2904 381 2945 nos
396 2882 456 2945 hoc
471 2883 532 2946 sub
547 2883 746 2947 anathemate
769 2882 975 2956 inhibuimus,
991 2896 1023 2945 et
1038 2905 1091 2945 eos
1105 2906 1230 2949 excom-

277 2983 519 3062 municavimus,
536 2984 592 3070 qui
609 2984 845 3072 dispositionem
859 2982 978 3046 ordinis
989 3005 1085 3067 qnam
1097 2982 1229 3049 fecimus

278 3083 659 3171 immutarepraesument:
672 3101 827 3170 praeterea
837 3083 982 3148 alumnos
992 3097 1127 3161 nostros,
1139 3085 1229 3152 cleri·

277 3211 330 3251 cos
359 3201 391 3251 et
422 3186 529 3267 laicos,
558 3211 639 3275 quos
670 3188 768 3252 nostri
798 3201 830 3252 et
860 3209 945 3273 saepe
969 3187 1062 3252 vestri
1084 3188 1229 3275 obsequii

278 3290 439 3354 ministros
454 3303 576 3353 nostros
591 3289 773 3370 habuimus,
789 3303 902 3354 vestrae
915 3290 1143 3356 committimus
1158 3314 1230 3378 pro-

278 3391 418 3465 tectioni,
432 3403 634 3475 rogantes,ut
644 3392 769 3477 quaeeis
782 3390 974 3456 contulimus
986 3392 1229 3458 misericorditer

279 3491 481 3567 conservetis,
504 3514 561 3555 nec
576 3514 630 3555 eos
653 3492 817 3577 patiamini
836 3492 972 3579 alicujus
986 3494 1228 3579 importunitate

277 3594 394 3658 vexari.
442 3592 564 3656 Audiat
579 3593 685 3657 adhuc
701 3595 860 3658 Dominus
871 3594 1230 3661 mensalemeutissimus

277 3696 411 3760 verbum
425 3717 539 3771 unum,
551 3711 583 3759 et
594 3696 807 3781 egredientem
820 3697 955 3761 animam
967 3719 1066 3759 meam
1080 3696 1230 3779 laetificet,

278 3797 443 3863 residuum
459 3798 615 3861 bonorum
637 3822 779 3862 meorum
801 3799 976 3877 mobilium,
991 3813 1023 3863 et
1038 3822 1112 3885 quae
1129 3824 1230 3887 usque

278 3899 317 3964 ad
333 3900 457 3964 exitum
473 3922 533 3985 pro
547 3900 666 3964 incerto
681 3901 764 3975 vitae,
788 3900 1000 3964 diuturnitate
1020 3901 1230 3984 aegritudinis,

278 4002 309 4066 iu
320 4025 398 4066 usus
411 4003 478 4066 visa
487 4001 614 4066 fueraut
623 4002 847 4077 conservanda,
859 4005 939 4067 sicut
952 4006 1041 4066 Deus
1051 4004 1228 4089 inspiravit,

278 4116 349 4189 post
365 4104 490 4168 exitum
508 4126 613 4167 meum
631 4107 766 4189 praecepi
783 4104 979 4190 pauperibus
994 4106 1125 4190 erogari.
1151 4105 1230 4171 Illos

279 4207 333 4292 qui
349 4205 496 4270 fraudem
509 4207 719 4282 committent,
735 4219 791 4270 ant
803 4206 869 4291 qui,
883 4207 1051 4292 quominus
1061 4229 1118 4292 pro
1130 4208 1230 4272 salute

279 4330 359 4384 mea,
375 4320 408 4372 et
427 4320 541 4385 vestra,
555 4321 585 4371 et
602 4306 773 4371 liberorum
785 4320 960 4370 vestrorum
977 4322 1158 4392 erogentur,
1174 4307 1231 4371 im-

280 4411 422 4494 pedient,
454 4409 652 4473 anathemate
678 4410 745 4493 jam
777 4408 979 4493 promulgato
1008 4409 1229 4472 condemnans.
