3034 5500
275 751 317 810 26
531 761 669 806 cornuis
685 756 964 804 snasssamsasrs
1132 738 1177 821 [a.
1194 759 1219 802 n.

276 913 463 998 magistrum
490 914 523 977 S.
538 916 594 997 qui
616 910 770 974 adversus
791 908 1001 972 innocentiam
1020 919 1157 971 vestram
1181 929 1226 970 re·

276 1016 359 1100 ginoe
371 1013 512 1080 animum
524 1012 711 1077 concitavit:
737 1010 816 1096 quid
832 1011 891 1073 hoc
904 1008 992 1073 aliud
1009 1023 1057 1073 est
1073 1030 1171 1094 quam
1185 1030 1228 1070 re-

276 1116 393 1200 ginam,
415 1136 489 1201 quae
512 1137 585 1178 curn
607 1112 697 1178 vobis
721 1111 926 1175 audientibus
947 1109 1125 1184 excusavit,
1145 1132 1226 1174 ream

277 1216 430 1281 mendacii
451 1215 577 1279 facere?
613 1215 658 1277 Et
681 1213 759 1300 quia
777 1211 972 1276 voluntatem
996 1211 1118 1275 domini
1139 1233 1227 1298 papoe

276 1317 367 1381 vobis
389 1316 563 1381 innotuisse
586 1339 647 1380 uon
671 1315 877 1398 ambigimus,
902 1313 1093 1378 fraternitati
1116 1328 1228 1378 vestra

276 1419 482 1504 praesentium
513 1417 741 1502 significatione
768 1416 982 1502 praecipimus,
1011 1428 1047 1479 ut
1075 1437 1146 1478 eam
1176 1415 1231 1476 im-

279 1518 405 1605 pleatis,
416 1519 623 1603 prohibentes
634 1540 672 1581 ne
685 1516 764 1602 quid
778 1530 888 1580 contra
902 1539 970 1580 eam
983 1538 1080 1601 super
1091 1513 1230 1600 ejusdem

278 1618 417 1684 ecclesiis
427 1619 612 1684 innovetur:
631 1617 834 1703 praecipimus
846 1616 942 1680 etiam
956 1629 993 1679 ut
1005 1615 1097 1678 nobis
1107 1614 1229 1676 faciatis

280 1722 403 1807 copiam
418 1721 610 1795 litterarum,
626 1743 707 1805 quas
723 1723 763 1784 G.
781 1717 901 1781 archid.
922 1740 1018 1805 super
1032 1717 1093 1779 hoc
1113 1715 1231 1780 attulit.

282 1823 381 1888 Novit
403 1823 552 1888 discretio
574 1836 680 1885 vestra
702 1820 782 1906 quid
805 1843 878 1884 eum
903 1832 1067 1905 sequatur,
1090 1818 1148 1904 qui
1176 1817 1230 1881 scit

283 1937 315 1989 et
331 1946 392 1988 noa
409 1923 485 1988 facit
501 1922 633 1987 Domini
650 1921 858 1986 voluntatem.

355 2256 576 2319 EPISTOLA
598 2257 810 2319 XXlV.-au
826 2274 944 2319 anana
960 2274 1153 2319 sinuaretur.

439 2379 441 2382 Α
615 2393 697 2472 Reqi
714 2394 901 2474 duplorum.

325 2527 428 2590 S1cur
450 2522 662 2587 clementioris
684 2523 778 2587 samm
799 2523 950 2586 beneficio
970 2523 1064 2586 nobis
1086 2523 1234 2601 innotuit,

281 2625 385 2690 virtus
410 2637 515 2689 vestra
543 2647 667 2710 semper
696 2624 727 2688 ia
759 2624 898 2690 Domino
928 2640 1148 2708 prosperatur,
1179 2625 1234 2710 qui

282 2750 446 2794 successus
468 2740 590 2792 vestros
611 2726 746 2814 adjectis
769 2726 965 2792 successibus
986 2728 1153 2792 cumulare
1174 2750 1233 2791 non

284 2831 411 2910 desinit,
425 2847 457 2896 et
479 2831 512 2894 iu
536 2841 627 2893 tanto
649 2852 873 2917 prosperorum
897 2851 1004 2904 cursu,
1022 2828 1119 2894 vestri
1135 2845 1168 2895 et
1188 2832 1237 2895 sui

281 2934 371 3002 dedit
397 2934 514 3000 habere
540 2932 701 2997 notitiam.
747 2935 792 2996 Et
814 2932 942 3016 quidem
971 2956 1046 3018 quae
1069 2933 1158 3018 apud
1182 2955 1236 2996 nos

284 3049 370 3111 sunt,
397 3048 487 3100 tanta
513 3033 599 3119 pacis
622 3047 654 3097 et
676 3033 791 3118 quietis
819 3034 930 3097 laetitia
956 3034 1178 3119 perfruuntur,
1201 3045 1235 3097 ut

283 3137 405 3201 bellicae
417 3134 623 3220 tempestatis
633 3150 663 3199 et
673 3135 772 3198 cladis
784 3137 932 3221 publica,
943 3150 1109 3221 totamque
1119 3158 1236 3222 praece-

284 3236 427 3300 dentium
443 3235 597 3298 malorum
624 3237 734 3299 seriem
753 3237 842 3320 regni
857 3238 953 3301 vestri
969 3237 1105 3300 felicitas
1119 3250 1238 3323 praeter

283 3337 461 3423 opinionem
486 3337 672 3424 popularem
695 3339 886 3418 demulceat,
909 3340 958 3401 vel
979 3340 1108 3401 omuino
1131 3340 1238 3403 absor-

284 3440 368 3504 beat.
413 3439 544 3525 Digitus
570 3440 631 3505 Dei
655 3455 702 3505 est
727 3440 791 3519 hic,
812 3442 868 3526 qui
892 3442 922 3503 in
948 3464 1043 3504 manu
1068 3440 1161 3527 pueri
1187 3442 1236 3505 sui

285 3541 404 3606 domini
421 3543 482 3607 mei
505 3543 588 3629 regis
610 3567 706 3609 aurea
726 3544 879 3608 reformat
902 3543 1028 3623 saecula,
1043 3558 1075 3606 et
1094 3547 1237 3608 omnium

285 3656 413 3708 auctore
429 3643 568 3707 Domino
583 3643 796 3709 molestiarum
813 3668 831 3707 a
846 3643 1018 3707 commissis
1030 3643 1121 3706 vobis
1137 3642 1238 3708 natio·

285 3747 381 3811 nibus
396 3759 428 3812 et
443 3747 574 3832 linguis,
587 3748 786 3834 propulsavit
802 3747 974 3812 incursum.
999 3748 1116 3810 Tantae
1133 3762 1238 3812 tamen

285 3850 430 3915 felicitati
450 3850 624 3934 derogatur
647 3851 678 3914 in
702 3873 779 3927 uno,
795 3851 893 3936 quod,
907 3850 1139 3935 languentibus
1158 3851 1240 3915 desi-

285 3952 393 4027 deriis,
408 3949 531 4014 diutius
546 3951 751 4016 destituimur
766 3953 922 4039 corporali
941 3954 1111 4038 praesentia
1126 3965 1241 4032 vestra,

286 4052 342 4137 qui
367 4051 552 4135 majestatis,
578 4065 611 4116 et
636 4052 766 4118 virtutis
792 4066 904 4117 vestroe
930 4054 1093 4118 beneficiis
1126 4054 1239 4119 indesi-

286 4166 398 4217 nenter
421 4150 588 4216 affluimus.
647 4154 770 4219 Scimus
800 4154 879 4239 quid
911 4155 1092 4240 loquamur,
1118 4161 1175 4242 qui
1206 4172 1237 4223 et

285 4278 323 4319 ex
351 4251 548 4343 abundantia
569 4254 672 4317 cordis
697 4254 870 4341 loquimur,
892 4271 922 4321 et
946 4280 1005 4341 pro
1028 4259 1118 4342 regni
1142 4263 1238 4323 vestri

286 4356 501 4422 incolumitate
526 4371 652 4421 artacem
676 4381 714 4423 ex
743 4374 832 4444 parte
856 4360 1068 4445 transegimus
1093 4362 1122 4425 in
1151 4362 1238 4426 labo·
