3034 5500
295 752 356 810 148
545 771 680 816 soranis
696 771 977 819 sanssanntsasrs
1155 758 1198 841 [a
1215 778 1242 822 n.

292 917 322 979 in
340 919 488 1000 Domino,
510 920 742 987 fraternitatem
767 938 902 988 vestram
924 923 966 986 ad
991 926 1126 1010 propria
1147 926 1240 990 redire

292 1022 483 1098 monuimus,
506 1029 635 1089 omuino
659 1047 720 1087 non
751 1024 916 1088 credentes
939 1025 1104 1091 honestati
1127 1041 1241 1107 vestra,

289 1133 346 1184 aut
361 1122 501 1186 ecclesiae
512 1126 645 1190 utilitati
661 1127 763 1209 magis
774 1126 897 1211 aliquid
912 1127 1079 1211 expedire.
1103 1129 1153 1193 Ut
1166 1130 1241 1194 enim

287 1236 401 1287 caetera
430 1240 599 1306 taceamus,
629 1251 703 1312 quae
734 1227 864 1311 longum
887 1242 934 1292 est
958 1251 1083 1302 enarre,
1106 1232 1241 1316 profecto

290 1346 414 1389 morum
427 1328 519 1391 ruina
530 1328 622 1414 longe
632 1330 841 1393 miserabilior
849 1343 909 1405 est,
919 1353 1019 1415 quam
1034 1354 1239 1397 nummorum.

290 1427 358 1490 Nec
389 1443 436 1494 est
461 1428 501 1492 de
525 1432 745 1516 temporalium
776 1431 943 1494 amissione
973 1432 1162 1511 dolendum,
1188 1435 1239 1499 ubi

290 1528 492 1615 dispendium
509 1532 683 1597 incurritur
698 1546 900 1596 aeternorum.
946 1536 1098 1598 Duorum
1112 1559 1240 1622 namque

290 1630 672 1697 dolorumcircaeundem
683 1633 823 1695 animum
833 1633 932 1718 major
940 1633 1089 1718 denigrat
1101 1637 1239 1700 alterum.

280 1733 383 1798 'Absit
405 1748 514 1798 autem
547 1750 582 1798 ut
605 1734 720 1818 aliquis
741 1733 782 1797 de
805 1745 910 1796 vestra
932 1733 1110 1819 prudentia
1130 1737 1239 1801 audeat

289 1836 451 1919 suspicari,
464 1838 550 1922 quod
568 1837 716 1901 vilissima
732 1859 849 1906 rerum,
864 1858 942 1920 opes
957 1836 1091 1916 scilicet,
1105 1839 1238 1902 animum

290 1947 428 1998 vestrum
452 1953 598 2000 moveant
618 1936 671 2000 ubi
688 1936 864 2021 periculum
889 1935 1034 2000 imminet
1058 1940 1238 2002 animarum.

287 2034 382 2098 Absit
406 2047 441 2098 ut
471 2035 590 2097 invidia
618 2035 752 2120 antiquo
775 2056 832 2097 suo
855 2033 945 2097 vobis
968 2035 1069 2118 possit
1094 2035 1239 2100 insultare

287 2135 457 2217 proverbio
473 2135 592 2210 dicens,

578 2252 646 2321 quod
659 2252 751 2315 defles,
761 2252 826 2305 illud
838 2255 943 2305 amasti.

290 2358 398 2420 Unum
413 2380 430 2419 e
443 2356 570 2420 duobus
586 2356 706 2440 eligite,
723 2371 779 2420 aut
796 2356 862 2421 litis
877 2357 1048 2421 discrimen
1066 2358 1175 2435 vultis,
1188 2372 1238 2422 aut

288 2482 407 2545 pacem.
453 2461 486 2524 Si
518 2459 583 2523 litis
605 2459 762 2521 incertum
789 2459 960 2545 praelertis,
991 2460 1151 2525 advertite
1171 2463 1240 2546 quia

288 2562 369 2626 nibil
385 2561 509 2647 turpius
524 2576 571 2624 est
593 2583 687 2646 quam
705 2560 772 2625 suis
786 2562 881 2624 armis
896 2562 1092 2646 expugnari,
1108 2575 1139 2626 et
1155 2563 1239 2648 quasi

287 2684 437 2726 mucrone
452 2661 582 2748 proprio
599 2660 755 2747 jugulari.
800 2661 833 2724 Si
857 2683 980 2746 pacem,
997 2662 1113 2735 redite,
1133 2677 1165 2726 et
1180 2683 1237 2747 pax

285 2780 352 2831 est:
376 2764 430 2829 sed
451 2764 581 2842 timetis,
610 2776 643 2825 et
664 2762 794 2847 quidem
819 2763 875 2826 ubi
897 2785 959 2827 non
983 2777 1031 2828 est
1055 2765 1238 2829 timendum.

286 2868 473 2952 Numquam
491 2865 574 2927 enim
596 2863 682 2925 venit
706 2863 736 2925 in
758 2875 895 2927 mentem
912 2864 1106 2928 serenissimi
1124 2864 1237 2929 domini

287 2970 386 3033 nostri
409 2967 493 3051 regis
510 2980 546 3030 ut
565 2964 775 3028 innocentiam
799 2968 885 3040 vitae,
903 2963 1123 3049 integritatem
1139 2967 1238 3046 fame,

285 3070 418 3154 gloriam
435 3068 535 3151 regni,
552 3081 642 3132 tanto
656 3066 838 3149 deturparet
854 3067 1040 3151 opprobrio,
1058 3082 1096 3131 ut
1115 3090 1237 3133 manum

284 3182 428 3233 suamet
452 3190 653 3254 quacumque
676 3189 772 3230 causa
801 3167 987 3231 extenderet
1012 3168 1044 3231 in
1077 3170 1237 3234 Christum

284 3271 428 3345 Domini,
450 3268 498 3331 vel
521 3267 660 3353 aliquam
682 3268 907 3331 contumeliam
922 3291 942 3331 a
957 3292 1168 3356 quocumque
1189 3294 1239 3356 pa-

285 3384 407 3434 teretur
429 3369 550 3433 inferri.
598 3374 633 3434 ln
650 3394 688 3433 eo
699 3370 856 3454 siquidem
870 3369 1046 3453 plurimum
1063 3388 1236 3445 motusest,

283 3472 371 3559 quod
387 3470 578 3534 conductum
596 3483 703 3555 petere
720 3472 928 3534 necessarium
947 3471 1126 3552 credidisti,
1140 3494 1237 3558 quum

283 3573 438 3637 neminem
455 3593 563 3633 eorum
583 3593 723 3655 unquam
740 3569 867 3642 laeserit,
879 3585 1154 3657 quantaecumque
1171 3595 1240 3659 pro-

282 3673 431 3738 cesserint
454 3671 638 3746 inimicitia,
662 3674 720 3757 qui
735 3672 775 3735 ad
797 3695 830 3734 se
850 3672 1009 3736 veniebat.
1056 3673 1144 3749 Quid
1166 3695 1239 3757 ergo

283 3776 458 3854 timebatis,
472 3796 572 3858 quum
590 3796 647 3836 vos
666 3795 738 3849 sua,
754 3787 786 3836 et
801 3771 942 3836 omnium
960 3788 1107 3837 nostrum
1124 3796 1197 3836 voce
1210 3786 1239 3835 et

282 3877 398 3941 litteris
408 3878 588 3938 revocaret?
606 3874 670 3939 Sed
688 3896 745 3936 vos
756 3872 945 3936 mandatum
957 3873 1080 3938 domini
1096 3894 1198 3959 pape,
1209 3886 1238 3935 et

283 3975 537 4042 Cluniacensium
564 3990 740 4038 vestrorum
769 3974 938 4037 necessitas
961 3972 1098 4037 detinet.
1142 3977 1238 4038 Porro

281 4093 312 4143 et
328 4080 397 4162 ipse
419 4076 567 4139 dominus
583 4097 666 4160 papa
687 4074 803 4137 reditui
827 4088 931 4137 vestro
951 4072 1237 4157 congratulabitur,

280 4184 389 4244 nolens
409 4179 594 4241 mandatum
617 4176 697 4240 illud
724 4176 857 4240 utilitati
878 4190 992 4241 vestrae
1015 4174 1232 4260 praejudicium

279 4284 392 4356 lacere,
410 4294 440 4342 et
460 4302 624 4365 personam
641 4292 778 4340 vestram
797 4278 1015 4341 Wintoniensi
1030 4290 1064 4341 et
1081 4275 1237 4339 Glastoni·

279 4383 344 4445 ensi
357 4379 504 4455 ecclesiis,
522 4379 698 4464 plusquam
707 4377 907 4442 Cluniacensi
918 4399 980 4439 non
989 4376 1155 4461 ambigitis
1164 4372 1236 4437 obli·
