3034 5500
290 772 487 856 llas-64]
677 788 855 839 Et’lsTOLAE.
1183 777 1242 839 isa

284 960 314 1012 et
342 970 407 1025 eos,
441 947 499 1031 qui
530 943 729 1028 dispositioni
761 944 830 1030 ejus
860 942 1068 1023 reluctantur,
1093 958 1241 1030 potenter

284 1062 424 1115 conteret
440 1048 503 1112 sub
523 1047 660 1133 pedibus
682 1047 757 1110 suis.
805 1046 930 1132 Utique
952 1046 1039 1130 quod
1062 1048 1175 1112 statuit
1199 1047 1240 1111 de

286 1166 326 1228 te,
342 1148 410 1214 siue
426 1162 460 1213 te
483 1146 639 1212 deliberat
662 1151 741 1233 ipse,
758 1162 790 1212 et
812 1148 843 1211 in
867 1148 991 1212 actibus
1013 1147 1238 1235 Apostolorum

285 1276 322 1316 ex
349 1249 508 1315 sententia
537 1248 731 1325 Gamalielis‚
758 1249 888 1315 arbitrio
914 1251 975 1314 Dei
1001 1254 1167 1315 commissa
1192 1264 1239 1314 est

285 1374 415 1416 nascens
438 1348 595 1428 Ecclesia,
615 1361 696 1413 nutu
720 1349 811 1434 cujus
832 1350 939 1414 omnia
960 1351 1160 1416 infirmantur
1182 1365 1239 1416 aut

285 1453 523 1517 convalescunt,
570 1451 612 1515 Ei
641 1450 751 1536 itaque
780 1451 959 1515 committas
983 1474 1110 1514 causam
1137 1466 1239 1530 tuam,

285 1554 436 1641 quoniam
453 1576 491 1616 eo
508 1551 726 1637 patrocinante
741 1550 915 1637 periclitari
931 1575 992 1615 non
1009 1565 1123 1638 potest.
1163 1554 1238 1616 Noli

286 1653 499 1742 pusillanimis
516 1677 582 1717 csse
597 1653 628 1716 in
645 1653 710 1732 illo,
726 1654 877 1737 quoniam
892 1655 1016 1740 corpori
1031 1653 1238 1740 parvulorum

285 1756 408 1821 dictum
424 1768 483 1836 est,
499 1757 596 1820 Jacta
612 1759 785 1836 cogitatum
801 1764 895 1819 luam
917 1760 954 1819 ire
969 1757 1114 1835 Domino,
1128 1764 1159 1819 et
1172 1759 1241 1838 ipsa

285 1864 317 1921 te
332 1858 483 1920 enutriet.
531 1855 563 1918 si
580 1854 710 1940 quidem
729 1854 834 1919 adulti
851 1856 919 1941 jam
943 1878 1005 1919 uon
1028 1855 1162 1920 nutricis
1183 1857 1239 1920 ali-

285 1969 404 2032 meato‚
422 1954 475 2018 sed
499 1956 747 2019 conservationis
763 1970 856 2040 egent
880 1955 1038 2042 praesidio.
1083 1958 1174 2041 Ergo
1196 1960 1237 2022 sit

282 2056 490 2137 desiderium,
507 2056 547 2121 sit
572 2055 674 2120 oratio
698 2071 765 2132 tua,
789 2070 827 2121 ut
850 2079 912 2120 non
938 2056 1032 2120 modo
1055 2055 1095 2119 de
1120 2070 1162 2134 te,
1180 2058 1236 2120 sed

284 2159 378 2222 etiam
395 2171 462 2222 ate
478 2158 627 2222 voluntas
642 2157 772 2223 Domini
787 2158 967 2246 impleatur.
1013 2159 1107 2236 Quod
1123 2160 1147 2223 si
1168 2159 1236 2246 ipse

282 2283 342 2346 pro
356 2259 459 2336 nobis,
476 2261 550 2346 quis
565 2273 676 2325 contra
690 2265 771 2325 nos?
793 2266 868 2327 Non
884 2263 943 2326 erit
959 2262 1084 2326 irritum
1101 2263 1234 2328 verbum

282 2362 362 2446 ejus,
386 2360 446 2423 etsi
468 2359 659 2446 plerumque
686 2363 727 2424 ad
752 2361 887 2446 gloriam
914 2362 1122 2448 disponentis,
1145 2361 1237 2427 malis

283 2462 551 2549 repugnantibus,
566 2463 747 2548 impleatur.
795 2465 958 2528 Steterunt
974 2478 1085 2529 contra
1100 2488 1173 2528 eum
1193 2464 1235 2528 ab

282 2564 375 2628 initio
387 2563 446 2627 viri
462 2564 571 2641 sortes,
585 2578 739 2651 potentes,
753 2564 905 2630 habentes
920 2564 1121 2651 prudentiam
1135 2566 1235 2652 hujus

282 2664 402 2743 saeculi,
417 2677 449 2729 et
468 2667 583 2752 gratiae
603 2665 806 2731 collocatione
825 2668 950 2743 famosi,
965 2669 1084 2731 cientes
1103 2668 1236 2746 bellum,

282 2768 337 2832 sed
368 2767 581 2854 praecipitavit
611 2790 666 2831 eos
699 2769 869 2843 Dominus,
899 2783 930 2833 et
968 2769 1078 2833 divisit
1108 2768 1235 2852 linguas

280 2893 405 2948 eorum,
422 2870 573 2957 quoniam
597 2870 678 2934 vidit
701 2871 744 2934 ab
768 2871 938 2956 iniquitate
960 2893 1088 2933 manare
1111 2885 1235 2934 contra-

280 2971 453 3056 dictionem
477 2971 509 3034 in
536 2971 673 3047 civitate,
695 2994 771 3058 quae
793 2971 1020 3056 praefigurabat
1046 2971 1234 3038 Ecclesiam.

282 3065 358 3138 Non
381 3074 493 3160 itaque
510 3073 654 3148 verearis,
671 3074 696 3136 si
721 3075 762 3137 sit
777 3077 808 3138 in
833 3085 924 3160 parte
944 3071 1077 3138 adversa
1093 3075 1166 3153 Dei,
1181 3075 1233 3138 cui

281 3190 313 3241 te
340 3176 477 3240 militare
500 3176 637 3252 conlido,
660 3199 696 3238 os
721 3175 888 3261 lampadis,
911 3176 1060 3261 quoniam
1083 3176 1114 3240 in
1142 3192 1234 3261 parte

282 3279 415 3342 orientis
429 3292 460 3343 et
480 3278 642 3363 loquentis
655 3302 696 3342 ex
721 3279 787 3343 alto
802 3279 988 3343 aeternitatis
1010 3279 1152 3356 oonsilio,
1169 3302 1233 3343 ser-

282 3403 334 3445 mo
356 3379 503 3455 lucidior,
518 3380 686 3466 copiosior,
701 3395 732 3445 et
756 3380 909 3445 efficacior
932 3394 989 3445 est.
1034 3383 1101 3446 Nec
1125 3405 1232 3447 move·

280 3482 353 3556 aris,
370 3482 397 3544 si
416 3483 556 3566 gratiam
579 3480 641 3545 Dei
664 3481 839 3567 aliquando
859 3482 1040 3547 umbratilis
1062 3487 1232 3569 impugnet

278 3587 394 3669 gratia,
411 3585 562 3669 quoniam
578 3582 642 3659 illa,
659 3604 734 3668 quoe
748 3584 865 3669 quaerit
887 3608 961 3670 quae
980 3609 1035 3650 sua
1057 3600 1142 3662 sunt,
1159 3609 1231 3650 eva-

278 3699 395 3751 nescet.
434 3685 525 3749 Licet
538 3684 621 3748 enim
633 3687 754 3751 exultet
766 3685 806 3749 ad
819 3687 928 3752 horam
940 3687 971 3750 in
987 3688 1105 3752 lumine
1116 3689 1232 3769 alieno,

279 3786 404 3850 deliciet
421 3785 526 3871 plane,
541 3800 572 3851 et
589 3787 823 3863 obscurabitur,
840 3811 940 3874 quum
956 3790 1085 3874 justitia
1100 3792 1131 3854 in
1143 3791 1232 3875 judi-

278 3888 362 3952 cium
393 3902 608 3953 convertetur.
665 3889 761 3963 Quod
792 3891 818 3953 si
847 3891 921 3977 quis
949 3890 990 3955 de
1019 3893 1088 3956 solo
1116 3896 1233 3961 nititur

280 3988 435 4073 Ulpiano,
450 3986 515 4050 imo
538 3987 579 4051 de
600 3989 747 4074 opinione
770 3990 902 4076 Ulpiani
929 3993 1067 4056 Domino
1091 3998 1233 4082 propitio

277 4088 456 4167 erudietur,
470 4111 527 4151 nec
542 4087 583 4152 de
605 4091 721 4176 spiritu
746 4092 887 4177 proprio,
903 4115 1038 4178 nequam
1054 4099 1095 4159 sit
1120 4098 1232 4162 adver·

278 4213 333 4254 sus
356 4213 443 4265 eum,
461 4189 517 4274 qui
542 4191 698 4276 superbos
721 4192 881 4271 humiliat,
897 4204 929 4257 et
943 4197 1064 4261 exaltat
1086 4200 1231 4267 humiles

277 4291 404 4377 Singuli
430 4313 491 4377 pro
506 4314 564 4354 suo
580 4291 757 4377 loquuntur
772 4295 913 4369 arbitrio,
931 4296 985 4359 sed
1011 4321 1107 4384 penes
1131 4324 1231 4365 unum

274 4406 322 4457 est
339 4393 498 4476 generalis
511 4405 542 4456 et
557 4393 729 4458 necessaria
745 4395 967 4482 interpretatio
977 4397 1082 4480 legum
1095 4416 1127 4463 et
1139 4422 1233 4465 cano·
