3034 5500
296 724 461 803 nse-s]
685 743 862 788 sersrocn.

458 1008 680 1072 EPISTOLA
711 1011 896 1073 VIIL-no
912 1030 1066 1076 susosu.

552 1143 693 1203 Domino
703 1162 801 1220 popo
817 1141 974 1207 Adriano.

325 1279 482 1338 Veniens
505 1273 547 1338 ad
570 1285 709 1336 nostram
734 1277 934 1358 praesentiam
961 1279 1049 1363 prior
1074 1281 1239 1347 Rumelia-

282 1378 382 1442 censis
412 1375 599 1461 postulabat
627 1374 791 1438 ecclesiam
825 1377 866 1441 de
898 1380 1109 1464 Coggeshala,
1139 1407 1235 1470 quam

282 1479 428 1543 monachi
441 1481 481 1543 de
495 1476 695 1563 Coggeshala
706 1499 765 1563 per
775 1481 982 1544 intrusionem
992 1501 1236 1570 occupaverant,

281 1595 391 1646 nostro
426 1580 530 1644 officio
567 1579 626 1643 sibi
664 1580 801 1644 restitui.
848 1581 977 1668 Elapsis
1015 1606 1091 1647 vero
1125 1589 1235 1672 paucis

279 1684 395 1749 diebus
417 1683 517 1746 abbas
538 1681 656 1745 citatus
677 1694 709 1745 et
725 1681 841 1745 fratres
858 1682 927 1767 jam
951 1683 1029 1748 dicti
1052 1686 1112 1749 loci
1128 1709 1234 1752 coram

281 1786 373 1850 nobis
393 1796 622 1871 apparuerunt,
638 1783 737 1868 priori
761 1805 856 1867 super
878 1785 1009 1849 ecclesia
1031 1786 1086 1850 illa
1109 1810 1236 1875 respon-

282 1889 359 1952 suri.
406 1889 512 1964 Quum
530 1909 605 1950 vero
619 1884 708 1971 prior
719 1908 810 1949 suam
822 1887 1030 1951 intentionem
1043 1906 1235 1969 renovasset,

281 1991 383 2054 abbas
419 1990 528 2053 habito
558 1987 690 2052 consilio
719 2011 792 2052 cum
827 1988 981 2053 fratribus
1010 1991 1173 2077 respondit
1203 2018 1235 2059 se

274 2096 343 2180 jam
382 2091 498 2155 dictam
536 2089 699 2154 ecclesiam
736 2089 885 2155 canonice
922 2091 1069 2156 habuisse
1105 2116 1233 2160 assensu

279 2194 448 2280 cujusdam
464 2191 656 2268 Theobnldi,
672 2195 728 2278 qui
744 2192 775 2254 in
793 2193 1027 2259 Rumeliacensi
1043 2196 1234 2262 monasterio

280 2297 368 2383 prior
383 2297 547 2368 extiterat,
563 2306 722 2357 conventu
744 2294 860 2379 prioris
880 2296 1110 2360 concessionem
1133 2320 1233 2362 annu·

279 2412 363 2477 ente,
378 2410 411 2461 et
431 2396 642 2482 approbante.
688 2393 883 2479 Adjecerunt
904 2398 998 2461 etiam
1023 2397 1115 2462 sede
1137 2398 1233 2464 dona-

280 2502 365 2566 tione
380 2501 474 2564 istius
490 2498 640 2573 ecclesia,
656 2519 715 2583 pro
730 2498 891 2583 pensione,
907 2498 948 2562 de
962 2522 1028 2585 qua
1042 2502 1233 2566 monasterio

279 2602 508 2668 Rumiliacensi
534 2598 684 2663 solvenda
712 2600 796 2663 inter
825 2620 881 2666 eos
909 2615 1109 2680 convenerat,
1138 2615 1232 2667 testes

278 2705 447 2770 babituros
466 2702 507 2765 de
527 2701 688 2765 monachis
710 2700 1006 2768 Rumiliacensibus.
1052 2704 1102 2768 Ut
1123 2716 1229 2768 autem

277 2810 345 2872 suis
370 2806 590 2870 instrumentis
615 2817 647 2868 et
675 2805 811 2869 testibus
838 2804 886 2869 uti
916 2818 1043 2889 possent
1073 2805 1114 2868 ad
1141 2827 1229 2869 suam

275 2906 490 2972 innocentiam
507 2906 746 2981 ostendendam,
763 2905 934 2968 terminum
950 2904 1009 2967 sibi
1025 2905 1230 2987 postulabant

276 3007 459 3092 indulgeri:
485 3006 570 3092 quod
594 3029 694 3092 quum
713 3005 840 3092 judicio
865 3004 1088 3080 obtinuissent,
1115 3008 1230 3070 Rumi·
1321 3051 1325 3058 -

276 3113 393 3176 liaoum
426 3108 573 3195 profecti,
604 3109 790 3172 coadunatis
820 3108 975 3172 universis
1010 3107 1163 3172 fratribus
1196 3113 1228 3173 in

276 3213 432 3299 capitulo,
447 3232 514 3287 eos,
530 3233 666 3296 quorum
688 3212 874 3276 nitebantur
897 3211 1087 3287 testimonio,
1103 3211 1230 3276 minime

276 3329 477 3403 repererunt,
492 3314 569 3399 quia
589 3336 689 3399 quum
712 3315 801 3400 prior
820 3316 880 3379 loci
904 3315 1052 3379 omnibus
1074 3315 1228 3380 fratribus

276 3421 308 3482 in
337 3422 457 3483 virtute
486 3416 678 3481 obedientiae
701 3418 894 3503 injunxisset
925 3430 961 3481 ut
991 3417 1227 3502 egredientibus

276 3520 345 3586 aliis
367 3520 414 3584 illi
437 3520 495 3583 soli
517 3532 724 3594 remanerent,
739 3519 795 3604 qui
819 3520 1009 3584 concessioni
1033 3520 1227 3605 saepedictae

275 3623 415 3687 ecclesiae
441 3621 549 3685 abbati
574 3634 607 3684 et
634 3621 795 3683 monachis
820 3621 982 3707 praedictis
1010 3621 1103 3685 factae
1133 3624 1228 3685 inter-

276 3726 415 3803 fuerant,
431 3746 488 3786 nec
504 3745 587 3786 unus
603 3708 699 3796 solus,
712 3735 749 3786 ut
761 3723 853 3785 nobis
863 3722 984 3786 dictum
998 3734 1057 3798 est,
1067 3723 1226 3787 remansit.

277 3826 375 3902 Quod
393 3847 495 3911 quum
512 3824 626 3888 fratres
642 3824 807 3887 memorati
823 3824 884 3888 loci
905 3823 1067 3895 vidissent,
1085 3836 1226 3887 astruere

275 3940 455 4015 creperum,
480 3929 516 3988 Ρ.
534 3926 590 3987 W.
610 3927 635 3988 1.
652 3938 683 3989 ct
698 3927 741 3988 R.
766 3924 910 3989 adalind
928 3925 1110 3989 coenobium
1126 3947 1166 3987 ex
1181 3923 1227 3987 in-

275 4032 400 4096 dustria
423 4028 536 4113 prioris
559 4028 669 4091 missos
691 4050 768 4101 esse,
784 4050 823 4090 ne
846 4050 912 4090 suae
934 4027 1062 4090 veritati
1085 4027 1226 4090 testimo·

276 4135 362 4197 nium
381 4131 596 4217 perhiberent.
644 4134 680 4193 ln
704 4130 873 4215 praesentia
896 4128 1022 4193 tandem
1040 4128 1227 4190 venerabilis

277 4236 384 4301 fratris
399 4232 499 4297 nostri
517 4231 650 4294 Milonis
665 4232 803 4318 episcopi
825 4233 1038 4306 Morinorum,
1053 4230 1224 4315 praefatum

274 4338 411 4420 priorem
443 4333 695 4419 appellaverunt,
726 4334 911 4418 ibidemque
949 4333 987 4395 ad
1026 4334 1224 4415 apostolatus
