3034 5500
410 749 470 813 130
673 765 809 808 Jonsxrs
824 762 1100 807 ssunsnnmrxsrs
1270 746 1315 826 [s.
1333 766 1362 809 o.

408 914 571 1001 praesentis
591 925 754 978 contractu
775 912 926 997 conjugii,
949 926 982 976 et
1002 935 1102 998 quum
1125 914 1361 979 matrimonium

405 1039 574 1082 consensus
608 1016 733 1092 efficiat,
772 1016 925 1102 quicquid
963 1016 995 1079 in
1031 1016 1182 1100 injuriam
1222 1016 1359 1100 legitime

406 1119 617 1206 praecedentis
639 1141 811 1183 consensus
834 1131 1066 1204 praesumptum
1090 1129 1151 1194 cst,
1175 1141 1295 1183 nexum
1314 1120 1361 1184 iu·

406 1221 614 1308 separabilem
637 1220 749 1306 prioris
769 1220 963 1284 matrimonii
985 1243 1048 1283 non
1070 1218 1224 1286 dissolvit
1273 1221 1364 1295 Quod

333 1305 347 1326 ⁶
407 1325 432 1388 si
455 1323 581 1388 carnale
608 1323 847 1398 commercium,
872 1335 905 1386 et
930 1346 969 1385 ex
995 1345 1034 1385 eo
1061 1336 1220 1408 concepta
1245 1324 1364 1388 soboles

406 1426 522 1490 exinde
539 1438 648 1489 contra
666 1425 763 1488 fidem
780 1425 920 1509 conjugii
936 1438 1169 1510 processerunt,
1182 1447 1249 1488 uon
1266 1448 1307 1490 cx
1333 1449 1367 1489 co

409 1527 569 1592 inficiatur
591 1529 740 1613 primum,
764 1528 820 1591 sed
846 1527 1006 1612 sequentis
1033 1526 1237 1590 contubernii
1264 1541 1364 1592 reatus

410 1631 564 1714 arguitur.
612 1631 704 1694 Patet
720 1652 807 1712 crgo,
822 1629 974 1715 quicquid
990 1629 1102 1713 egerit,
1118 1642 1177 1693 aut
1198 1631 1301 1707 scivit,
1315 1644 1366 1694 aut

412 1733 492 1797 scire
508 1733 631 1808 debuit,
647 1732 703 1797 sed
718 1755 778 1795 nec
794 1732 901 1795 liberis
916 1733 985 1816 ejus
1001 1733 1150 1817 prodesse
1166 1733 1277 1809 debet,
1291 1734 1318 1798 si
1331 1757 1367 1797 ex

411 1835 576 1921 privilegio
591 1834 720 1898 militari
735 1834 795 1897 sibi
810 1834 932 1897 licitum
948 1856 1015 1897 csse
1031 1833 1217 1910 crediderit,
1233 1853 1270 1898 ut
1285 1849 1364 1899 recte

411 1939 575 2021 agentium
603 1936 677 2000 fidei
703 1938 837 2021 impune
863 1936 1029 2000 illuderet:
1062 1935 1144 2000 forte
1172 1937 1200 2000 si
1226 1951 1367 2002 materna

411 2052 573 2124 peteretur
598 2039 778 2119 haereditas,
801 2039 910 2103 liberis
936 2038 1070 2125 prospici
1098 2052 1227 2124 poterat
1251 2041 1285 2104 in
1311 2041 1364 2104 bac

410 2154 509 2226 parte,
533 2163 571 2203 co
594 2142 680 2226 quod
705 2154 807 2204 mater
828 2154 977 2226 potuerat
998 2141 1030 2203 in
1054 2142 1276 2206 contrahendo
1295 2165 1363 2206 con·

406 2242 497 2326 jugio
519 2241 676 2305 sinistram
702 2241 929 2306 conscientiam
954 2264 1017 2306 non
1043 2241 1172 2307 habere.
1223 2244 1270 2307 At
1295 2244 1366 2330 quia

410 2343 451 2407 de
474 2357 605 2428 patema
627 2344 824 2408 successione
847 2345 962 2428 agitur,
985 2344 1081 2430 patris
1104 2344 1233 2409 fallacia
1253 2368 1368 2432 nequa·

410 2470 506 2531 quam
523 2449 630 2512 liberis
645 2449 843 2531 suffragatur,
861 2449 961 2532 parcit
975 2447 1137 2511 interdum
1156 2450 1366 2513 mansuetudo

411 2551 517 2636 legum
539 2554 598 2629 his,
614 2554 655 2616 ab
671 2552 851 2637 ignorantia
870 2551 1056 2630 convinctis,
1070 2552 1126 2637 qui
1147 2553 1273 2616 ratione
1297 2575 1366 2636 cog·

412 2657 547 2719 nationis
562 2657 603 2720 ab
621 2656 757 2720 invicem
778 2668 976 2740 separantur,
992 2654 1174 2740 liberosque
1195 2678 1306 2720 eorum
1327 2656 1366 2720 ab

411 2758 552 2840 infamia,
568 2774 600 2824 et
621 2759 815 2823 haereditatis
835 2758 954 2821 damno
974 2757 1100 2834 liberat,
1124 2780 1206 2844 quas
1225 2759 1365 2823 ecclesia

411 2883 469 2947 per
484 2863 694 2947 ignorantiam
710 2861 884 2945 detemptae
900 2860 1065 2944 conjungit
1083 2861 1269 2925 auctoritas.
1308 2862 1367 2925 Sed

410 2965 443 3029 in
459 2987 514 3029 eos
529 2966 613 3049 rigor
626 2966 732 3048 legum
754 2977 787 3027 et
809 2964 976 3028 Canonum
992 2978 1174 3041 exercetur,
1192 2965 1249 3050 qui
1271 2965 1367 3028 inces-

411 3077 512 3142 tuose,
543 3081 598 3130 aut
627 3067 736 3130 illicite
767 3078 894 3139 coeunt,
921 3065 1069 3140 scienter,
1094 3065 1171 3148 jure
1201 3066 1312 3130 divino
1338 3078 1369 3128 et

411 3167 552 3230 hnmano
568 3168 684 3252 pariter
695 3167 893 3251 probibente.
923 3166 1044 3229 Contra
1056 3166 1126 3228 haec
1138 3188 1212 3251 pars
1226 3166 1366 3232 stabilia

411 3269 513 3333 multa
543 3270 704 3355 proposuit
729 3270 762 3332 in
789 3269 974 3352 suffragium
1002 3268 1161 3332 rationum
1189 3283 1223 3332 et
1250 3269 1366 3354 legum.

412 3370 520 3434 multis
535 3372 684 3435 utebatur
699 3372 854 3457 exemplis
877 3374 997 3449 dicens,
1016 3371 1222 3456 impossibile,
1240 3385 1297 3436 aut
1311 3372 1370 3435 dil·

412 3472 599 3547 ficillimum‚
612 3486 647 3537 ut
657 3474 747 3539 liberi
762 3475 843 3558 regis
856 3475 1061 3550 Francorum,
1071 3473 1369 3562 aliorumquo,quos

411 3575 629 3657 nominabant,
644 3578 959 3657 exhaereditarentur,
974 3576 1015 3640 ob
1032 3576 1091 3639 boc
1107 3576 1195 3662 quod
1211 3576 1296 3640 inter
1314 3598 1370 3662 pa·

411 3692 517 3741 rentes
531 3699 640 3742 eorum
657 3681 698 3743 sit
711 3678 883 3743 divortium
904 3679 1046 3762 legitime
1068 3677 1287 3742 celebratum:
1311 3700 1367 3742 nec

411 3793 519 3845 tamen
543 3783 627 3844 inter
653 3795 799 3867 parentes
821 3803 894 3845 suos
919 3781 1089 3844 divortium
1118 3780 1264 3865 legitimo
1287 3781 1369 3846 cele·
1404 3812 1408 3822 ·

411 3883 537 3949 brutum
554 3908 625 3971 pars
644 3885 789 3949 Mobilioe
812 3885 981 3959 fatebatur,
997 3884 1072 3967 jura
1092 3905 1223 3970 quoque
1243 3883 1368 3949 dicebat

413 3990 559 4072 proniora
588 3988 629 4052 ad
658 3988 903 4063 absolutionem,
931 3986 1108 4072 praesertim
1137 3986 1364 4060 innocentium,

411 4112 490 4175 quos
518 4090 662 4176 iniquum
694 4102 742 4153 est
771 4088 877 4152 alieno
906 4088 1023 4152 delicto
1057 4089 1282 4155 condemnari:
1319 4109 1365 4152 se·

412 4192 608 4280 parationem
634 4215 709 4257 uero
736 4193 769 4255 in
796 4192 916 4278 synodo
946 4191 1164 4256 londoniensi
1194 4214 1215 4255 a
1240 4190 1365 4255 domino

415 4295 624 4359 Wintonicnsi
639 4316 702 4358 non
718 4295 838 4358 factum
854 4317 892 4357 eo
907 4295 1069 4358 nitebatur
1088 4294 1269 4375 ostendere,
1283 4290 1363 4378 quod

412 4413 584 4484 antequam
600 4397 738 4482 synodus
761 4396 825 4475 illa,
842 4419 938 4482 quam
959 4396 1056 4460 solam
1076 4397 1146 4479 jam
1167 4396 1273 4460 dictus
1287 4392 1361 4479 epis
