3034 5500
289 767 352 827 988
549 776 685 822 roruurs
700 774 988 819 sauesnurususrs
1160 759 1203 832 [a.
1219 775 1247 818 u.

290 1071 509 1135 EPISTOLA
554 1069 845 1132 CLXXVIl.-su
880 1084 1156 1130 rnesauuaurcrs
1191 1083 1245 1127 aa·

556 1187 708 1232 nassau.
757 1169 972 1250 [s.n.ll(56.]

567 1324 790 1390 Theseurario
806 1325 971 1390 Renrenst'.

333 1467 469 1526 Vesruo
491 1462 630 1534 mallem,
653 1461 679 1522 si
704 1482 777 1523 cum
800 1461 969 1544 utriusque
994 1473 1140 1524 nostnrm
1163 1484 1243 1524 com·

290 1565 442 1629 moditate
459 1563 529 1625 fieri
544 1572 663 1645 posset,
685 1561 865 1623 desiderato
881 1561 940 1623 srni
956 1562 1134 1645 colloquio,
1151 1584 1240 1645 qnam

290 1688 329 1729 ea
348 1685 420 1747 quae
440 1675 473 1725 et
493 1683 544 1723 me
565 1660 686 1723 dixisse
703 1661 826 1743 justum
848 1670 908 1732 est,
925 1670 958 1720 et
980 1682 1037 1722 ros
1059 1660 1242 1740 diligentius

291 1764 400 1828 audire
437 1760 581 1843 expedit,
622 1760 773 1821 chartulae
816 1758 1058 1834 commendare,
1097 1781 1168 1842 quae
1210 1759 1241 1821 id

290 1866 395 1927 solum
418 1862 578 1945 eloquitur
600 1858 685 1944 quod
709 1859 755 1921 illi
778 1857 935 1921 creditum
957 1870 1024 1921 est:
1060 1880 1121 1921 nec
1143 1859 1185 1923 ad
1206 1882 1242 1922 es

288 1986 362 2049 quse
385 1965 469 2025 inter
490 1962 610 2025 amicos
637 1960 755 2022 utiliter
778 1958 956 2021 adinvicem
981 1976 1240 2044 proponerentur,

288 2063 456 2129 courmode
474 2062 633 2125 dilatatur.
671 2062 832 2124 Caeternrn
848 2060 910 2123 hoc
927 2059 1124 2124 desiderium
1138 2084 1238 2124 meuru

288 2176 355 2227 tum
381 2163 607 2244 multiplicium
637 2171 670 2222 et
699 2161 932 2223 inevitabilium
964 2162 1165 2242 negotiorum
1194 2164 1238 2224 in·

287 2265 412 2338 stantia,
427 2272 494 2324 tum
515 2262 714 2343 aliquantula
733 2262 876 2344 corporis
890 2262 953 2324 mei
973 2260 1145 2326 iufirmitas
1165 2285 1240 2346 prae·

287 2362 430 2448 podium,
456 2372 493 2423 ut
514 2360 611 2423 scribi
634 2381 770 2424 necesse
792 2362 833 2423 sit
855 2360 941 2445 quod
965 2361 1029 2425 dici
1057 2365 1166 2444 potius
1187 2385 1239 2427 ex·

287 2461 420 2546 pediret.
480 2459 668 2522 Meminerit
703 2460 813 2542 itaque
853 2461 1012 2523 Dominus
1048 2475 1081 2524 et
1119 2464 1239 2525 amicus

286 2582 387 2638 meus,
422 2557 583 2644 quoniam,
612 2571 649 2622 ut
682 2560 726 2623 ait
761 2576 876 2635 orator,
906 2561 1023 2625 Primo
1054 2562 1161 2645 decipi
1191 2565 1237 2624 ire

285 2661 477 2727 commodum
492 2668 549 2735 est,
564 2661 703 2724 secundo
717 2661 866 2739 stultum,
882 2665 976 2725 tertio
989 2670 1094 2745 turpe.
1137 2666 1238 2728 Doleo

181 2803 185 2812 ·
285 2765 414 2851 qrridem
438 2764 611 2845 contigisse
635 2763 723 2846 qnod
750 2763 792 2827 ad
818 2766 1003 2828 memoriam
1030 2779 1167 2830 vestram
1192 2788 1237 2828 re·

286 2867 403 2932 ducere
426 2888 557 2930 necesse
581 2878 647 2941 est;
674 2866 751 2948 qnia
774 2888 830 2929 cos
852 2869 951 2930 semel
974 2867 1083 2951 decipi
1106 2870 1238 2950 contigit

284 2969 319 3031 in
335 2966 548 3030 matricularia
562 2964 602 3028 ad
618 2965 870 3038 incommodum,
885 2965 1028 3029 secundo
1044 2964 1077 3030 in
1094 2966 1236 3031 cessione

283 3066 466 3150 praebendae
496 3065 694 3140 Parisiensis‚
724 3064 765 3127 ad
793 3085 939 3138 errorem,
962 3087 1024 3128 nec
1052 3065 1092 3129 de
1123 3078 1236 3130 eaetero

284 3170 371 3230 omui
395 3167 519 3248 spiritui
541 3165 768 3248 adquiescatis,
783 3180 818 3229 ut
839 3168 872 3227 in
894 3167 1155 3231 subthesauraria
1175 3168 1236 3231 dis

283 3267 431 3351 ponenda
447 3266 579 3348 turpiter
594 3266 808 3350 decipiamini.
858 3269 918 3332 Est
933 3280 1039 3331 autem
1056 3269 1104 3332 cir
1119 3272 1234 3353 probus

284 3368 471 3429 Laurentius
498 3368 737 3430 concanonicus
760 3381 872 3446 vester,
901 3370 954 3432 cui
984 3390 1055 3432 eam
1087 3369 1234 3432 domiuus

282 3468 542 3549 archiepiscopus
559 3468 634 3530 dare
651 3467 820 3553 disposuit,
834 3481 867 3532 et
882 3470 1011 3553 majore,
1027 3472 1054 3533 si
1072 3486 1235 3535 vocaretur

281 3591 299 3631 a
329 3565 479 3642 Domino,
509 3578 542 3627 et
573 3567 649 3628 citio
676 3567 861 3632 ambitionis
891 3583 1088 3651 purgaretur,
1120 3572 1234 3652 diguus

274 3672 411 3733 honore.
471 3668 536 3731 Sed
565 3668 713 3751 nunquid
746 3671 836 3734 robis
865 3671 1031 3748 conducit,
1061 3684 1092 3734 et
1122 3672 1233 3735 honori

282 3788 396 3850 restro,
417 3786 451 3835 ut
473 3771 592 3834 domiui
614 3772 707 3834 vestri
732 3774 945 3836 collateralem
970 3776 1098 3857 eligatis
1121 3778 1156 3839 in
1178 3778 1232 3839 mi·

279 3874 445 3935 nisterium
458 3885 605 3946 restrum,
616 3872 713 3933 immo
726 3873 844 3935 intrudi
856 3875 1033 3957 patiamini,
1045 3888 1158 3941 utnon
1172 3890 1231 3941 tam

280 3972 371 4032 robis
384 3993 479 4051 quam
496 3972 584 4033 alteri
602 3972 717 4034 debeat
730 3972 818 4054 quod
831 3973 1042 4035 ministrabit?
1068 3975 1232 4059 Numquid

278 4070 320 4133 de
348 4066 543 4131 thesaurario
570 4071 844 4133 subthesaurarius
872 4092 942 4133 esse
968 4074 1093 4135 ruitis?
1125 4095 1230 4137 noune

278 4171 376 4234 satius
406 4179 455 4229 est
477 4190 532 4231 ros
555 4170 737 4232 officialium
762 4185 933 4234 vestrorum
957 4193 1029 4235 esse
1051 4174 1230 4249 custodem,

278 4292 374 4355 quam
405 4270 495 4331 robis
525 4283 556 4332 et
586 4271 649 4333 illis
676 4290 749 4333 cum
774 4272 1037 4336 incommoditate
1060 4275 1226 4339 custodem

277 4374 374 4436 alium
392 4370 560 4454 deputari?
587 4372 653 4433 Vos
669 4371 708 4433 de
732 4385 848 4434 caetero
864 4372 969 4434 uidete
991 4374 1071 4456 quid
1089 4376 1228 4455 egeritis,
