3034 5500
148 778 258 860 ll66.]
537 799 714 843 nnrsronn.
1042 788 1104 844 945

140 1046 372 1112 EPISTOLA
400 1048 605 1111 CLIV.-an
630 1066 813 1111 uoaanrnu
839 1068 988 1113 rnroaau
1013 1069 1100 1112 nua-

401 1166 592 1212 ronunsnu.
641 1149 851 1232 [a.n.1166.]

385 1309 523 1372 Roberto
539 1308 654 1371 Priori
669 1310 868 1373 Meretonioe.

190 1445 263 1508 Uar
294 1445 469 1507 humanum
496 1444 666 1507 consilinm
694 1443 815 1518 deficit,
843 1466 882 1507 ox
910 1450 1100 1514 necessitate

144 1546 333 1628 confugitur
356 1545 398 1608 ad
423 1544 575 1619 divinum,
602 1544 700 1627 quod,
724 1554 760 1606 ut
783 1547 908 1628 opinor,
936 1550 1025 1612 nulla
1050 1527 1101 1615 iia

147 1647 277 1711 facilius
305 1659 361 1711 aut
391 1647 516 1711 felicius
545 1646 717 1722 obtinetur,
744 1668 838 1729 quam
865 1649 890 1710 si
918 1651 1013 1714 amici
1038 1654 1099 1716 Dei

144 1749 228 1813 illud
242 1753 393 1834 precibus
413 1750 563 1814 studeant
585 1750 741 1825 obtinere,
765 1751 852 1832 quod
874 1754 971 1837 culpa
993 1769 1099 1838 patro·

144 1853 236 1917 cinio
266 1853 477 1935 indigentium
509 1851 697 1915 demeretur.
743 1852 815 1934 Ego
848 1855 976 1937 quidem
1003 1862 1099 1923 exulo

145 1964 180 2017 et
193 1953 391 2038 proscriptus
407 1976 488 2030 sum,
503 1964 535 2015 et
557 1951 643 2036 quod
666 1952 708 2014 ad
727 1953 902 2034 hominem,
921 1959 1101 2024 alterutrius

147 2076 257 2139 poenae
265 2056 387 2140 justam
399 2077 529 2120 causam
540 2075 605 2117 non
617 2054 722 2128 video,
735 2055 814 2119 licet
824 2057 910 2140 apud
924 2060 1098 2127 Dominum

147 2177 200 2219 me
229 2156 393 2219 acerbiora
422 2157 572 2220 meruisse
603 2158 751 2219 conscius
783 2178 864 2234 suin,
893 2173 924 2221 et
958 2162 1101 2227 fortassis

148 2258 295 2342 peccatis
315 2259 397 2321 meis
418 2259 622 2340 exigentibus
644 2261 762 2337 evenit,
783 2274 817 2324 ut
839 2262 890 2324 bis
912 2276 943 2325 ct
965 2265 1100 2345 flagellis

148 2361 369 2425 acerbioribus
398 2361 501 2438 feriar,
531 2373 563 2426 et
591 2371 695 2426 tamen
727 2385 857 2427 causam
888 2368 1101 2447 percussionis

148 2466 303 2546 ignorem.
357 2466 408 2527 Eo
439 2477 546 2527 autem
576 2466 677 2544 magis
707 2466 849 2528 timenda
879 2481 953 2529 sunt
975 2469 1100 2551 judicia

148 2567 227 2644 Dei,
250 2588 314 2652 quo
337 2566 377 2629 da
396 2567 563 2631 occultiori
581 2567 708 2651 justitia
731 2579 763 2630 et
787 2570 947 2631 secretiori
975 2572 1097 2636 ratione

148 2668 348 2754 proveniunt.
394 2668 455 2730 Est
469 2680 573 2730 autem
590 2687 687 2751 poena
702 2666 837 2750 duplex,
853 2689 950 2748 quum
975 2682 1007 2731 et
1028 2671 1100 2753 ipsa

148 2772 293 2849 sentitur,
309 2781 341 2833 et
356 2791 454 2833 causa
469 2771 639 2852 ignoratur.
685 2768 719 2830 Si
736 2781 841 2830 tamen
865 2769 983 2832 divinae
1006 2771 1099 2834 misa-

147 2874 282 2939 rationis
296 2882 355 2951 est,
370 2884 405 2935 ut
419 2894 470 2935 me
486 2894 543 2955 pro
558 2872 683 2955 justitia
698 2871 765 2954 pati
781 2872 867 2945 velit,
884 2872 1097 2953 gratissimum

147 2977 267 3055 babeo,
286 2988 392 3039 certus
419 2975 569 3059 quoniam
596 2975 642 3037 ita
664 2972 784 3036 amicos
811 2973 904 3035 beare
930 2974 1100 3050 censuerit,

149 3081 225 3167 quia
239 3076 428 3163 permultas
443 3075 662 3138 tribulationes
674 3075 736 3137 itur
752 3073 792 3135 ad
809 3094 948 3156 regnum.
984 3075 1100 3137 Fateor

149 3206 201 3249 me
225 3180 386 3245 Ecclesia
411 3178 474 3241 Dei
501 3199 641 3240 servasse
665 3176 774 3250 fidum,
800 3188 832 3239 ct
857 3177 1099 3261 archiepiscopo

150 3307 234 3364 meo,
249 3293 286 3348 ut
300 3280 452 3365 oportuit,
465 3280 604 3344 fideliter
615 3279 785 3343 obedisse:
809 3301 870 3343 nec
883 3302 946 3357 me,
958 3280 1099 3344 Domino

148 3399 291 3463 auctora,
305 3404 447 3468 anquam
463 3392 593 3445 servatae
610 3382 687 3444 fidei
703 3394 758 3444 aut
780 3381 972 3445 obedientiae
994 3384 1097 3465 poeni-

150 3491 239 3556 tebit
284 3488 385 3570 Spero
408 3498 513 3548 autem
541 3484 628 3568 quod
651 3495 684 3546 et
713 3485 974 3568 archiepiscopus
996 3500 1101 3549 vester

149 3605 235 3659 recto
249 3590 332 3656 calle
348 3589 477 3651 Patrum
493 3609 631 3671 sequens
647 3588 779 3668 vestigia
794 3609 852 3670 per
868 3588 949 3650 viam
966 3587 1097 3652 manda·

149 3714 251 3763 tonina
268 3694 333 3757 Dei
347 3692 452 3776 pergit
465 3691 507 3754 ad
523 3692 625 3753 vitam.
674 3689 770 3754 Unde
782 3693 964 3775 paternitati
979 3706 1098 3772 vestrae,

149 3813 180 3866 at
201 3795 352 3871 dominis,
375 3806 408 3859 et
428 3793 575 3857 fratribus
600 3795 720 3866 vestris,
745 3808 867 3876 quanta
888 3816 1019 3877 possum
1042 3795 1097 3858 de·

149 3904 288 3976 votione,
303 3896 464 3981 supplico,
478 3905 633 3980 quatenus
649 3917 781 3976 agonem
799 3907 941 3958 nostrum
959 3897 1099 3960 Domino

148 4005 297 4091 precibus
323 3996 565 4073 commendetis,
592 4011 626 4060 ut
648 4000 674 4060 si
698 3998 730 4060 in
754 3998 839 4060 invio
863 4018 983 4070 sumus,
1007 3998 1099 4062 redu·

149 4126 257 4171 camur
286 4102 330 4167 ad
356 4101 451 4175 viam,
478 4100 504 4161 si
533 4100 566 4161 in
593 4100 653 4175 via,
681 4098 767 4182 quod
791 4100 900 4182 utique
928 4098 1098 4175 credimus,

150 4206 356 4293 proficiamus
380 4213 413 4264 et
437 4201 650 4285 perducamur
677 4202 718 4264 ad
746 4203 851 4264 vitam.
896 4200 988 4263 Nihil
1012 4203 1097 4263 eninr

147 4310 239 4378 uobis
254 4305 346 4374 aliud
361 4304 575 4368 necessarium
593 4314 650 4380 est,
666 4302 726 4367 nisi
750 4316 786 4367 nt
809 4303 951 4364 Domino
974 4304 1099 4384 placeat

148 4435 244 4480 causa
258 4418 380 4476 nostra.
