<?xml version="1.0" encoding="UTF-8"?>
<!DOCTYPE html PUBLIC "-//W3C//DTD XHTML 1.0 Transitional//EN"
    "http://www.w3.org/TR/xhtml1/DTD/xhtml1-transitional.dtd">
<html xmlns="http://www.w3.org/1999/xhtml" xml:lang="en" lang="en">
 <head>
  <title>
</title>
<meta http-equiv="Content-Type" content="text/html;charset=utf-8" />
  <meta name='ocr-system' content='tesseract 3.04.00' />
  <meta name='ocr-capabilities' content='ocr_page ocr_carea ocr_par ocr_line ocrx_word'/>
</head>
<body>
  <div class='ocr_page' id='page_1' title='image "./joannissaresber16johngoog_0062.png"; bbox 0 0 3034 5500; ppageno 0'>
   <div class='ocr_carea' id='block_1_1' title="bbox 265 728 1219 810">
    <p class='ocr_par' dir='ltr' id='par_1_1' title="bbox 265 728 1219 810">
     <span class='ocr_line' id='line_1_1' title="bbox 265 728 1219 810; baseline -0.01 -9"><span class='ocrx_word' id='word_1_1' title='bbox 265 743 308 801; x_wconf 79' lang='grc'><strong>40</strong></span> <span class='ocrx_word' id='word_1_2' title='bbox 523 753 660 799; x_wconf 80' lang='lat' dir='ltr'><strong>soanrus</strong></span> <span class='ocrx_word' id='word_1_3' title='bbox 676 751 958 798; x_wconf 78' lang='lat' dir='ltr'><strong>saansaamausrs</strong></span> <span class='ocrx_word' id='word_1_4' title='bbox 1138 728 1180 810; x_wconf 79' lang='lat' dir='ltr'><strong>[a.</strong></span> <span class='ocrx_word' id='word_1_5' title='bbox 1194 746 1219 791; x_wconf 89' lang='lat' dir='ltr'><strong>n.</strong></span> 
     </span>
    </p>
   </div>
   <div class='ocr_carea' id='block_1_2' title="bbox 266 903 1222 1706">
    <p class='ocr_par' dir='ltr' id='par_1_2' title="bbox 266 903 1222 1706">
     <span class='ocr_line' id='line_1_2' title="bbox 267 903 1218 995; baseline -0.008 -23"><span class='ocrx_word' id='word_1_6' title='bbox 267 931 407 988; x_wconf 84' lang='lat' dir='ltr'><strong>oensem,</strong></span> <span class='ocrx_word' id='word_1_7' title='bbox 417 908 592 995; x_wconf 87' lang='lat' dir='ltr'><strong>episcopos,</strong></span> <span class='ocrx_word' id='word_1_8' title='bbox 602 903 735 969; x_wconf 88' lang='lat' dir='ltr'><strong>dilectos</strong></span> <span class='ocrx_word' id='word_1_9' title='bbox 746 903 828 967; x_wconf 85' lang='lat' dir='ltr'><strong>filios</strong></span> <span class='ocrx_word' id='word_1_10' title='bbox 839 916 976 979; x_wconf 86' lang='lat' dir='ltr'><strong>vestros,·</strong></span> <span class='ocrx_word' id='word_1_11' title='bbox 990 924 1049 988; x_wconf 86' lang='lat' dir='ltr'><strong>per</strong></span> <span class='ocrx_word' id='word_1_12' title='bbox 1063 905 1218 965; x_wconf 73' lang='lat' dir='ltr'>sorensem</span> 
     </span>
     <span class='ocr_line' id='line_1_3' title="bbox 270 999 1218 1076; baseline -0.008 -2"><span class='ocrx_word' id='word_1_13' title='bbox 270 1022 302 1075; x_wconf 85' lang='lat' dir='ltr'><strong>et</strong></span> <span class='ocrx_word' id='word_1_14' title='bbox 318 1007 674 1073; x_wconf 79' lang='lat' dir='ltr'><strong>winchelcumbensem</strong></span> <span class='ocrx_word' id='word_1_15' title='bbox 692 1005 824 1071; x_wconf 77' lang='lat' dir='ltr'><strong>abbates</strong></span> <span class='ocrx_word' id='word_1_16' title='bbox 838 1003 878 1068; x_wconf 91' lang='lat' dir='ltr'><strong>ad</strong></span> <span class='ocrx_word' id='word_1_17' title='bbox 895 1026 952 1067; x_wconf 84' lang='lat' dir='ltr'><strong>vos</strong></span> <span class='ocrx_word' id='word_1_18' title='bbox 968 999 1218 1076; x_wconf 70' lang='lat' dir='ltr'><strong>transmittimus,</strong></span> 
     </span>
     <span class='ocr_line' id='line_1_4' title="bbox 266 1104 1218 1193; baseline -0.011 -16"><span class='ocrx_word' id='word_1_19' title='bbox 266 1114 298 1178; x_wconf 91' lang='lat' dir='ltr'><strong>in</strong></span> <span class='ocrx_word' id='word_1_20' title='bbox 315 1116 435 1176; x_wconf 85' lang='lat' dir='ltr'><strong>virtute</strong></span> <span class='ocrx_word' id='word_1_21' title='bbox 455 1108 647 1174; x_wconf 82' lang='lat' dir='ltr'><strong>obedientiae</strong></span> <span class='ocrx_word' id='word_1_22' title='bbox 670 1129 728 1193; x_wconf 89' lang='lat' dir='ltr'><strong>pro</strong></span> <span class='ocrx_word' id='word_1_23' title='bbox 742 1105 931 1172; x_wconf 86' lang='lat' dir='ltr'><strong>auctoritate</strong></span> <span class='ocrx_word' id='word_1_24' title='bbox 952 1104 1133 1192; x_wconf 79' lang='lat' dir='ltr'><strong>apostolica</strong></span> <span class='ocrx_word' id='word_1_25' title='bbox 1146 1124 1218 1190; x_wconf 78' lang='lat' dir='ltr'><strong>pre·</strong></span> 
     </span>
     <span class='ocr_line' id='line_1_5' title="bbox 270 1204 1218 1299; baseline -0.014 -20"><span class='ocrx_word' id='word_1_26' title='bbox 270 1209 430 1299; x_wconf 82' lang='lat' dir='ltr'><strong>cipientes,</strong></span> <span class='ocrx_word' id='word_1_27' title='bbox 451 1225 487 1277; x_wconf 91' lang='lat' dir='ltr'><strong>ut</strong></span> <span class='ocrx_word' id='word_1_28' title='bbox 509 1233 618 1275; x_wconf 88' lang='lat' dir='ltr'><strong>eorum</strong></span> <span class='ocrx_word' id='word_1_29' title='bbox 642 1209 773 1273; x_wconf 88' lang='lat' dir='ltr'><strong>consilio</strong></span> <span class='ocrx_word' id='word_1_30' title='bbox 795 1209 941 1292; x_wconf 82' lang='lat' dir='ltr'><strong>proxima</strong></span> <span class='ocrx_word' id='word_1_31' title='bbox 965 1204 1138 1270; x_wconf 82' lang='lat' dir='ltr'><strong>Dominica</strong></span> <span class='ocrx_word' id='word_1_32' title='bbox 1157 1216 1218 1288; x_wconf 85' lang='lat' dir='ltr'><strong>past</strong></span> 
     </span>
     <span class='ocr_line' id='line_1_6' title="bbox 270 1305 1221 1397; baseline -0.009 -19"><span class='ocrx_word' id='word_1_33' title='bbox 270 1315 387 1379; x_wconf 85' lang='lat' dir='ltr'><strong>festum</strong></span> <span class='ocrx_word' id='word_1_34' title='bbox 405 1318 436 1380; x_wconf 88' lang='lat' dir='ltr'><strong>S.</strong></span> <span class='ocrx_word' id='word_1_35' title='bbox 457 1313 589 1380; x_wconf 83' lang='lat' dir='ltr'><strong>loannis</strong></span> <span class='ocrx_word' id='word_1_36' title='bbox 603 1310 759 1397; x_wconf 68' lang='lat' dir='ltr'><strong>Baptistae</strong></span> <span class='ocrx_word' id='word_1_37' title='bbox 773 1309 899 1395; x_wconf 85' lang='lat' dir='ltr'><strong>eligatis</strong></span> <span class='ocrx_word' id='word_1_38' title='bbox 913 1307 1006 1372; x_wconf 90' lang='lat' dir='ltr'><strong>vobis</strong></span> <span class='ocrx_word' id='word_1_39' title='bbox 1019 1307 1053 1369; x_wconf 89' lang='lat' dir='ltr'><strong>in</strong></span> <span class='ocrx_word' id='word_1_40' title='bbox 1069 1305 1221 1381; x_wconf 84' lang='lat' dir='ltr'><strong>abbatem,</strong></span> 
     </span>
     <span class='ocr_line' id='line_1_7' title="bbox 271 1406 1222 1502; baseline -0.011 -21"><span class='ocrx_word' id='word_1_41' title='bbox 271 1438 436 1502; x_wconf 87' lang='lat' dir='ltr'><strong>personam</strong></span> <span class='ocrx_word' id='word_1_42' title='bbox 444 1410 1001 1497; x_wconf 78' lang='lat' dir='ltr'><strong>religiosam,litteratam,habsntem</strong></span> <span class='ocrx_word' id='word_1_43' title='bbox 1012 1409 1135 1473; x_wconf 92' lang='lat' dir='ltr'><strong>bonum</strong></span> <span class='ocrx_word' id='word_1_44' title='bbox 1146 1406 1222 1472; x_wconf 80' lang='lat' dir='ltr'><strong>testi-</strong></span> 
     </span>
     <span class='ocr_line' id='line_1_8' title="bbox 271 1509 1221 1602; baseline -0.007 -21"><span class='ocrx_word' id='word_1_45' title='bbox 271 1518 413 1582; x_wconf 90' lang='lat' dir='ltr'><strong>monium</strong></span> <span class='ocrx_word' id='word_1_46' title='bbox 437 1518 478 1582; x_wconf 91' lang='lat' dir='ltr'><strong>ab</strong></span> <span class='ocrx_word' id='word_1_47' title='bbox 500 1515 551 1580; x_wconf 91' lang='lat' dir='ltr'><strong>his</strong></span> <span class='ocrx_word' id='word_1_48' title='bbox 573 1516 627 1602; x_wconf 91' lang='lat' dir='ltr'><strong>qui</strong></span> <span class='ocrx_word' id='word_1_49' title='bbox 652 1514 836 1589; x_wconf 75' lang='lat' dir='ltr'><strong>intissam,</strong></span> <span class='ocrx_word' id='word_1_50' title='bbox 859 1512 916 1599; x_wconf 91' lang='lat' dir='ltr'><strong>qui</strong></span> <span class='ocrx_word' id='word_1_51' title='bbox 939 1523 1073 1577; x_wconf 87' lang='lat' dir='ltr'><strong>auctore</strong></span> <span class='ocrx_word' id='word_1_52' title='bbox 1091 1509 1221 1576; x_wconf 87' lang='lat' dir='ltr'><strong>Domino</strong></span> 
     </span>
     <span class='ocr_line' id='line_1_9' title="bbox 270 1613 1221 1706; baseline -0.006 -24"><span class='ocrx_word' id='word_1_53' title='bbox 270 1641 407 1706; x_wconf 83' lang='lat' dir='ltr'><strong>praeesse</strong></span> <span class='ocrx_word' id='word_1_54' title='bbox 422 1619 534 1693; x_wconf 87' lang='lat' dir='ltr'><strong>valeat,</strong></span> <span class='ocrx_word' id='word_1_55' title='bbox 550 1630 582 1681; x_wconf 91' lang='lat' dir='ltr'><strong>et</strong></span> <span class='ocrx_word' id='word_1_56' title='bbox 597 1616 752 1703; x_wconf 82' lang='lat' dir='ltr'><strong>prodesse.</strong></span> <span class='ocrx_word' id='word_1_57' title='bbox 785 1615 819 1679; x_wconf 85' lang='lat' dir='ltr'><strong>Si</strong></span> <span class='ocrx_word' id='word_1_58' title='bbox 834 1638 909 1679; x_wconf 86' lang='lat' dir='ltr'><strong>vero</strong></span> <span class='ocrx_word' id='word_1_59' title='bbox 925 1613 1221 1701; x_wconf 74' lang='lat' dir='ltr'><strong>praenominatorum</strong></span> 
     </span>
    </p>
   </div>
   <div class='ocr_carea' id='block_1_3' title="bbox 266 1713 1226 2924">
    <p class='ocr_par' dir='ltr' id='par_1_3' title="bbox 266 1713 1226 2924">
     <span class='ocr_line' id='line_1_10' title="bbox 269 1713 1221 1806; baseline -0.008 -21"><span class='ocrx_word' id='word_1_60' title='bbox 269 1722 406 1787; x_wconf 83' lang='lat' dir='ltr'><strong>fratrum</strong></span> <span class='ocrx_word' id='word_1_61' title='bbox 429 1720 565 1806; x_wconf 80' lang='lat' dir='ltr'><strong>aliquem</strong></span> <span class='ocrx_word' id='word_1_62' title='bbox 587 1718 692 1782; x_wconf 89' lang='lat' dir='ltr'><strong>animo</strong></span> <span class='ocrx_word' id='word_1_63' title='bbox 714 1730 745 1782; x_wconf 91' lang='lat' dir='ltr'><strong>et</strong></span> <span class='ocrx_word' id='word_1_64' title='bbox 767 1739 898 1803; x_wconf 86' lang='lat' dir='ltr'><strong>corpore</strong></span> <span class='ocrx_word' id='word_1_65' title='bbox 918 1717 1028 1781; x_wconf 89' lang='lat' dir='ltr'><strong>abesse</strong></span> <span class='ocrx_word' id='word_1_66' title='bbox 1046 1713 1221 1799; x_wconf 79' lang='lat' dir='ltr'><strong>contigerit,</strong></span> 
     </span>
     <span class='ocr_line' id='line_1_11' title="bbox 269 1815 1220 1905; baseline -0.008 -20"><span class='ocrx_word' id='word_1_67' title='bbox 269 1822 475 1888; x_wconf 89' lang='lat' dir='ltr'><strong>nihilominus</strong></span> <span class='ocrx_word' id='word_1_68' title='bbox 489 1820 631 1885; x_wconf 89' lang='lat' dir='ltr'><strong>obtineat</strong></span> <span class='ocrx_word' id='word_1_69' title='bbox 653 1817 740 1905; x_wconf 90' lang='lat' dir='ltr'><strong>apud</strong></span> <span class='ocrx_word' id='word_1_70' title='bbox 756 1840 812 1881; x_wconf 88' lang='lat' dir='ltr'><strong>vos</strong></span> <span class='ocrx_word' id='word_1_71' title='bbox 831 1816 998 1881; x_wconf 88' lang='lat' dir='ltr'><strong>consilium</strong></span> <span class='ocrx_word' id='word_1_72' title='bbox 1017 1815 1220 1903; x_wconf 81' lang='lat' dir='ltr'><strong>reliquorum.</strong></span> 
     </span>
     <span class='ocr_line' id='line_1_12' title="bbox 271 1912 1222 2008; baseline -0.006 -21"><span class='ocrx_word' id='word_1_73' title='bbox 271 1923 396 1987; x_wconf 86' lang='lat' dir='ltr'><strong>Scimus</strong></span> <span class='ocrx_word' id='word_1_74' title='bbox 410 1936 516 1987; x_wconf 88' lang='lat' dir='ltr'><strong>autem</strong></span> <span class='ocrx_word' id='word_1_75' title='bbox 529 1912 627 2008; x_wconf 82' lang='lat' dir='ltr'><strong>quod</strong></span> <span class='ocrx_word' id='word_1_76' title='bbox 634 1935 697 1985; x_wconf 90' lang='lat' dir='ltr'><strong>tam</strong></span> <span class='ocrx_word' id='word_1_77' title='bbox 711 1920 869 2005; x_wconf 83' lang='lat' dir='ltr'><strong>religioso,</strong></span> <span class='ocrx_word' id='word_1_78' title='bbox 880 1931 945 1983; x_wconf 89' lang='lat' dir='ltr'><strong>tam</strong></span> <span class='ocrx_word' id='word_1_79' title='bbox 961 1917 1086 1982; x_wconf 81' lang='lat' dir='ltr'><strong>salubri</strong></span> <span class='ocrx_word' id='word_1_80' title='bbox 1097 1916 1222 1982; x_wconf 86' lang='lat' dir='ltr'><strong>consilio</strong></span> 
     </span>
     <span class='ocr_line' id='line_1_13' title="bbox 271 2019 1222 2109; baseline -0.003 -22"><span class='ocrx_word' id='word_1_81' title='bbox 271 2033 431 2108; x_wconf 73' lang='lat' dir='ltr'><strong>gratanter</strong></span> <span class='ocrx_word' id='word_1_82' title='bbox 454 2028 647 2109; x_wconf 85' lang='lat' dir='ltr'><strong>acquiescet,</strong></span> <span class='ocrx_word' id='word_1_83' title='bbox 673 2022 822 2109; x_wconf 87' lang='lat' dir='ltr'><strong>quisquis</strong></span> <span class='ocrx_word' id='word_1_84' title='bbox 844 2020 876 2086; x_wconf 87' lang='lat' dir='ltr'><strong>in</strong></span> <span class='ocrx_word' id='word_1_85' title='bbox 904 2019 995 2084; x_wconf 86' lang='lat' dir='ltr'><strong>vobis</strong></span> <span class='ocrx_word' id='word_1_86' title='bbox 1021 2042 1085 2085; x_wconf 92' lang='lat' dir='ltr'><strong>nnn</strong></span> <span class='ocrx_word' id='word_1_87' title='bbox 1110 2019 1222 2108; x_wconf 84' lang='lat' dir='ltr'><strong>quaerit</strong></span> 
     </span>
     <span class='ocr_line' id='line_1_14' title="bbox 271 2121 1221 2209; baseline -0.004 -20"><span class='ocrx_word' id='word_1_88' title='bbox 271 2146 344 2208; x_wconf 84' lang='lat' dir='ltr'><strong>quoe</strong></span> <span class='ocrx_word' id='word_1_89' title='bbox 366 2147 423 2188; x_wconf 90' lang='lat' dir='ltr'><strong>sua</strong></span> <span class='ocrx_word' id='word_1_90' title='bbox 446 2138 532 2200; x_wconf 89' lang='lat' dir='ltr'><strong>sunt,</strong></span> <span class='ocrx_word' id='word_1_91' title='bbox 548 2123 601 2187; x_wconf 90' lang='lat' dir='ltr'><strong>sed</strong></span> <span class='ocrx_word' id='word_1_92' title='bbox 625 2147 697 2209; x_wconf 89' lang='lat' dir='ltr'><strong>quae</strong></span> <span class='ocrx_word' id='word_1_93' title='bbox 711 2128 790 2190; x_wconf 86' lang='lat' dir='ltr'><strong>Jesu</strong></span> <span class='ocrx_word' id='word_1_94' title='bbox 811 2123 942 2188; x_wconf 86' lang='lat' dir='ltr'><strong>Christi.</strong></span> <span class='ocrx_word' id='word_1_95' title='bbox 990 2121 1128 2187; x_wconf 83' lang='lat' dir='ltr'><strong>illorum</strong></span> <span class='ocrx_word' id='word_1_96' title='bbox 1152 2144 1221 2186; x_wconf 85' lang='lat' dir='ltr'><strong>vero</strong></span> 
     </span>
     <span class='ocr_line' id='line_1_15' title="bbox 270 2223 1226 2312; baseline 0.001 -23"><span class='ocrx_word' id='word_1_97' title='bbox 270 2246 379 2289; x_wconf 85' lang='lat' dir='ltr'><strong>vocem</strong></span> <span class='ocrx_word' id='word_1_98' title='bbox 399 2226 528 2289; x_wconf 89' lang='lat' dir='ltr'><strong>omnino</strong></span> <span class='ocrx_word' id='word_1_99' title='bbox 549 2248 752 2309; x_wconf 85' lang='lat' dir='ltr'><strong>evacuamus,</strong></span> <span class='ocrx_word' id='word_1_100' title='bbox 768 2227 825 2312; x_wconf 92' lang='lat' dir='ltr'><strong>qui</strong></span> <span class='ocrx_word' id='word_1_101' title='bbox 850 2238 959 2291; x_wconf 86' lang='lat' dir='ltr'><strong>sancto</strong></span> <span class='ocrx_word' id='word_1_102' title='bbox 977 2225 1116 2311; x_wconf 87' lang='lat' dir='ltr'><strong>Spiritui</strong></span> <span class='ocrx_word' id='word_1_103' title='bbox 1138 2223 1226 2289; x_wconf 81' lang='lat' dir='ltr'><strong>rasis·</strong></span> 
     </span>
     <span class='ocr_line' id='line_1_16' title="bbox 268 2323 1223 2412; baseline -0.002 -22"><span class='ocrx_word' id='word_1_104' title='bbox 268 2337 370 2390; x_wconf 85' lang='lat' dir='ltr'><strong>tentes</strong></span> <span class='ocrx_word' id='word_1_105' title='bbox 395 2349 414 2389; x_wconf 90' lang='lat' dir='ltr'><strong>a</strong></span> <span class='ocrx_word' id='word_1_106' title='bbox 438 2327 676 2412; x_wconf 76' lang='lat' dir='ltr'><strong>praenominatis</strong></span> <span class='ocrx_word' id='word_1_107' title='bbox 705 2326 860 2391; x_wconf 82' lang='lat' dir='ltr'><strong>fratribus</strong></span> <span class='ocrx_word' id='word_1_108' title='bbox 888 2327 931 2391; x_wconf 90' lang='lat' dir='ltr'><strong>ad</strong></span> <span class='ocrx_word' id='word_1_109' title='bbox 961 2326 1022 2390; x_wconf 89' lang='lat' dir='ltr'><strong>hoc</strong></span> <span class='ocrx_word' id='word_1_110' title='bbox 1047 2323 1223 2405; x_wconf 82' lang='lat' dir='ltr'><strong>destinatis,</strong></span> 
     </span>
     <span class='ocr_line' id='line_1_17' title="bbox 267 2425 1221 2514; baseline 0 -21"><span class='ocrx_word' id='word_1_111' title='bbox 267 2425 470 2493; x_wconf 85' lang='lat' dir='ltr'><strong>invenientur</strong></span> <span class='ocrx_word' id='word_1_112' title='bbox 488 2450 588 2504; x_wconf 89' lang='lat' dir='ltr'><strong>suam,</strong></span> <span class='ocrx_word' id='word_1_113' title='bbox 608 2441 640 2492; x_wconf 92' lang='lat' dir='ltr'><strong>et</strong></span> <span class='ocrx_word' id='word_1_114' title='bbox 662 2427 810 2504; x_wconf 87' lang='lat' dir='ltr'><strong>aliorum,</strong></span> <span class='ocrx_word' id='word_1_115' title='bbox 830 2442 989 2512; x_wconf 90' lang='lat' dir='ltr'><strong>quantum</strong></span> <span class='ocrx_word' id='word_1_116' title='bbox 1011 2428 1044 2492; x_wconf 90' lang='lat' dir='ltr'><strong>in</strong></span> <span class='ocrx_word' id='word_1_117' title='bbox 1067 2427 1147 2514; x_wconf 69' lang='lat' dir='ltr'><strong>ipms</strong></span> <span class='ocrx_word' id='word_1_118' title='bbox 1165 2441 1221 2503; x_wconf 85' lang='lat' dir='ltr'><strong>est,</strong></span> 
     </span>
     <span class='ocr_line' id='line_1_18' title="bbox 270 2529 1221 2616; baseline 0.002 -23"><span class='ocrx_word' id='word_1_119' title='bbox 270 2529 422 2616; x_wconf 87' lang='lat' dir='ltr'><strong>impedire</strong></span> <span class='ocrx_word' id='word_1_120' title='bbox 438 2529 588 2594; x_wconf 87' lang='lat' dir='ltr'><strong>salutem:</strong></span> <span class='ocrx_word' id='word_1_121' title='bbox 615 2553 672 2593; x_wconf 92' lang='lat' dir='ltr'><strong>nec</strong></span> <span class='ocrx_word' id='word_1_122' title='bbox 690 2529 729 2592; x_wconf 89' lang='lat' dir='ltr'><strong>ad</strong></span> <span class='ocrx_word' id='word_1_123' title='bbox 752 2529 916 2593; x_wconf 89' lang='lat' dir='ltr'><strong>dominum</strong></span> <span class='ocrx_word' id='word_1_124' title='bbox 938 2552 1045 2613; x_wconf 82' lang='lat' dir='ltr'><strong>regem</strong></span> <span class='ocrx_word' id='word_1_125' title='bbox 1062 2553 1096 2594; x_wconf 89' lang='lat' dir='ltr'><strong>se</strong></span> <span class='ocrx_word' id='word_1_126' title='bbox 1115 2529 1221 2595; x_wconf 82' lang='lat' dir='ltr'><strong>credat</strong></span> 
     </span>
     <span class='ocr_line' id='line_1_19' title="bbox 268 2631 1222 2720; baseline 0.002 -25"><span class='ocrx_word' id='word_1_127' title='bbox 268 2632 384 2720; x_wconf 87' lang='lat' dir='ltr'><strong>aliquis</strong></span> <span class='ocrx_word' id='word_1_128' title='bbox 409 2646 548 2698; x_wconf 85' lang='lat' dir='ltr'><strong>vestrum</strong></span> <span class='ocrx_word' id='word_1_129' title='bbox 576 2632 692 2696; x_wconf 89' lang='lat' dir='ltr'><strong>habere</strong></span> <span class='ocrx_word' id='word_1_130' title='bbox 720 2632 921 2718; x_wconf 79' lang='lat' dir='ltr'><strong>confugium,</strong></span> <span class='ocrx_word' id='word_1_131' title='bbox 945 2631 1023 2717; x_wconf 89' lang='lat' dir='ltr'><strong>quia</strong></span> <span class='ocrx_word' id='word_1_132' title='bbox 1052 2632 1082 2697; x_wconf 90' lang='lat' dir='ltr'><strong>ei</strong></span> <span class='ocrx_word' id='word_1_133' title='bbox 1113 2632 1222 2698; x_wconf 84' lang='lat' dir='ltr'><strong>salutis</strong></span> 
     </span>
     <span class='ocr_line' id='line_1_20' title="bbox 269 2734 1219 2821; baseline 0.003 -24"><span class='ocrx_word' id='word_1_134' title='bbox 269 2751 382 2802; x_wconf 76' lang='lat' dir='ltr'><strong>vestra</strong></span> <span class='ocrx_word' id='word_1_135' title='bbox 397 2736 508 2801; x_wconf 86' lang='lat' dir='ltr'><strong>dilatio</strong></span> <span class='ocrx_word' id='word_1_136' title='bbox 527 2734 659 2801; x_wconf 88' lang='lat' dir='ltr'><strong>molesta</strong></span> <span class='ocrx_word' id='word_1_137' title='bbox 678 2734 749 2811; x_wconf 86' lang='lat' dir='ltr'><strong>erit,</strong></span> <span class='ocrx_word' id='word_1_138' title='bbox 766 2735 823 2821; x_wconf 88' lang='lat' dir='ltr'><strong>qui</strong></span> <span class='ocrx_word' id='word_1_139' title='bbox 847 2735 949 2812; x_wconf 85' lang='lat' dir='ltr'><strong>vobis,</strong></span> <span class='ocrx_word' id='word_1_140' title='bbox 965 2757 1004 2799; x_wconf 91' lang='lat' dir='ltr'><strong>ne</strong></span> <span class='ocrx_word' id='word_1_141' title='bbox 1026 2734 1219 2813; x_wconf 83' lang='lat' dir='ltr'><strong>differretur,</strong></span> 
     </span>
     <span class='ocr_line' id='line_1_21' title="bbox 266 2836 1014 2924; baseline 0 -23"><span class='ocrx_word' id='word_1_142' title='bbox 266 2839 298 2902; x_wconf 91' lang='lat' dir='ltr'><strong>in</strong></span> <span class='ocrx_word' id='word_1_143' title='bbox 315 2838 374 2903; x_wconf 88' lang='lat' dir='ltr'><strong>hac</strong></span> <span class='ocrx_word' id='word_1_144' title='bbox 388 2852 479 2924; x_wconf 88' lang='lat' dir='ltr'><strong>parte</strong></span> <span class='ocrx_word' id='word_1_145' title='bbox 493 2837 649 2903; x_wconf 90' lang='lat' dir='ltr'><strong>commisit</strong></span> <span class='ocrx_word' id='word_1_146' title='bbox 665 2837 748 2902; x_wconf 87' lang='lat' dir='ltr'><strong>vices</strong></span> <span class='ocrx_word' id='word_1_147' title='bbox 764 2860 846 2901; x_wconf 89' lang='lat' dir='ltr'><strong>suas.</strong></span> <span class='ocrx_word' id='word_1_148' title='bbox 892 2836 1014 2902; x_wconf 89' lang='lat' dir='ltr'><strong>Valete.</strong></span> 
     </span>
    </p>
   </div>
   <div class='ocr_carea' id='block_1_4' title="bbox 311 3153 1173 3378">
    <p class='ocr_par' dir='ltr' id='par_1_4' title="bbox 311 3153 1173 3378">
     <span class='ocr_line' id='line_1_22' title="bbox 311 3153 1173 3220; baseline 0.001 -6"><span class='ocrx_word' id='word_1_149' title='bbox 311 3153 531 3217; x_wconf 78' lang='lat' dir='ltr'>EPISTOLA</span> <span class='ocrx_word' id='word_1_150' title='bbox 557 3155 839 3219; x_wconf 73' lang='lat' dir='ltr'><strong>xxxvnu--m</strong></span> <span class='ocrx_word' id='word_1_151' title='bbox 854 3173 1033 3220; x_wconf 77' lang='lat' dir='ltr'><strong>snaraunu</strong></span> <span class='ocrx_word' id='word_1_152' title='bbox 1052 3174 1173 3219; x_wconf 70' lang='lat' dir='ltr'><strong>raram</strong></span> 
     </span>
     <span class='ocr_line' id='line_1_23' title="bbox 526 3296 959 3378; baseline 0.007 -21"><span class='ocrx_word' id='word_1_153' title='bbox 526 3297 666 3358; x_wconf 79' lang='lat' dir='ltr'><strong>Domino</strong></span> <span class='ocrx_word' id='word_1_154' title='bbox 680 3296 788 3378; x_wconf 81' lang='lat' dir='ltr'><strong>Papae</strong></span> <span class='ocrx_word' id='word_1_155' title='bbox 805 3298 959 3360; x_wconf 77' lang='lat' dir='ltr'><strong>Adriano.</strong></span> 
     </span>
    </p>
   </div>
   <div class='ocr_carea' id='block_1_5' title="bbox 263 3444 1221 4221">
    <p class='ocr_par' dir='ltr' id='par_1_5' title="bbox 263 3444 1221 4221">
     <span class='ocr_line' id='line_1_24' title="bbox 310 3444 1221 3511; baseline -0.001 -1"><span class='ocrx_word' id='word_1_156' title='bbox 310 3447 482 3511; x_wconf 77' lang='lat' dir='ltr'><strong>Dlaacrus</strong></span> <span class='ocrx_word' id='word_1_157' title='bbox 512 3444 598 3509; x_wconf 85' lang='lat' dir='ltr'><strong>filius</strong></span> <span class='ocrx_word' id='word_1_158' title='bbox 632 3460 739 3511; x_wconf 89' lang='lat' dir='ltr'><strong>noster</strong></span> <span class='ocrx_word' id='word_1_159' title='bbox 771 3448 811 3510; x_wconf 87' lang='lat' dir='ltr'><strong>R.</strong></span> <span class='ocrx_word' id='word_1_160' title='bbox 848 3458 959 3510; x_wconf 92' lang='lat' dir='ltr'><strong>cantor</strong></span> <span class='ocrx_word' id='word_1_161' title='bbox 990 3444 1221 3511; x_wconf 72' lang='lat' dir='ltr'><strong>lincolniensis</strong></span> 
     </span>
     <span class='ocr_line' id='line_1_25' title="bbox 266 3546 1219 3623; baseline 0.001 -12"><span class='ocrx_word' id='word_1_162' title='bbox 266 3546 415 3623; x_wconf 83' lang='lat' dir='ltr'><strong>ecclesiae,</strong></span> <span class='ocrx_word' id='word_1_163' title='bbox 431 3552 480 3612; x_wconf 88' lang='lat' dir='ltr'><strong>vir</strong></span> <span class='ocrx_word' id='word_1_164' title='bbox 500 3547 677 3612; x_wconf 88' lang='lat' dir='ltr'><strong>litterarum</strong></span> <span class='ocrx_word' id='word_1_165' title='bbox 701 3548 891 3622; x_wconf 86' lang='lat' dir='ltr'><strong>eruditione,</strong></span> <span class='ocrx_word' id='word_1_166' title='bbox 907 3558 939 3611; x_wconf 89' lang='lat' dir='ltr'><strong>et</strong></span> <span class='ocrx_word' id='word_1_167' title='bbox 960 3570 1086 3612; x_wconf 89' lang='lat' dir='ltr'><strong>morum</strong></span> <span class='ocrx_word' id='word_1_168' title='bbox 1110 3548 1219 3612; x_wconf 88' lang='lat' dir='ltr'><strong>hones-</strong></span> 
     </span>
     <span class='ocr_line' id='line_1_26' title="bbox 266 3648 1219 3735; baseline -0.002 -21"><span class='ocrx_word' id='word_1_169' title='bbox 266 3663 332 3715; x_wconf 87' lang='lat' dir='ltr'><strong>tate</strong></span> <span class='ocrx_word' id='word_1_170' title='bbox 348 3648 528 3724; x_wconf 88' lang='lat' dir='ltr'><strong>laudabilis,</strong></span> <span class='ocrx_word' id='word_1_171' title='bbox 544 3662 678 3732; x_wconf 84' lang='lat' dir='ltr'><strong>urgente</strong></span> <span class='ocrx_word' id='word_1_172' title='bbox 700 3649 893 3714; x_wconf 86' lang='lat' dir='ltr'><strong>necessitatis</strong></span> <span class='ocrx_word' id='word_1_173' title='bbox 915 3648 1063 3724; x_wconf 88' lang='lat' dir='ltr'><strong>articulo,</strong></span> <span class='ocrx_word' id='word_1_174' title='bbox 1079 3649 1121 3712; x_wconf 92' lang='lat' dir='ltr'><strong>ad</strong></span> <span class='ocrx_word' id='word_1_175' title='bbox 1144 3649 1219 3735; x_wconf 86' lang='lat' dir='ltr'><strong>lapi-</strong></span> 
     </span>
     <span class='ocr_line' id='line_1_27' title="bbox 265 3748 1219 3834; baseline -0.002 -21"><span class='ocrx_word' id='word_1_176' title='bbox 265 3749 336 3813; x_wconf 86' lang='lat' dir='ltr'><strong>dem</strong></span> <span class='ocrx_word' id='word_1_177' title='bbox 361 3748 524 3832; x_wconf 89' lang='lat' dir='ltr'><strong>adjutorii‚</strong></span> <span class='ocrx_word' id='word_1_178' title='bbox 547 3772 755 3814; x_wconf 88' lang='lat' dir='ltr'><strong>successorem</strong></span> <span class='ocrx_word' id='word_1_179' title='bbox 777 3749 865 3813; x_wconf 89' lang='lat' dir='ltr'><strong>Petri</strong></span> <span class='ocrx_word' id='word_1_180' title='bbox 887 3749 1061 3834; x_wconf 81' lang='lat' dir='ltr'><strong>confugere</strong></span> <span class='ocrx_word' id='word_1_181' title='bbox 1083 3748 1219 3834; x_wconf 81' lang='lat' dir='ltr'><strong>cogitur,</strong></span> 
     </span>
     <span class='ocr_line' id='line_1_28' title="bbox 265 3849 1217 3937; baseline -0.002 -23"><span class='ocrx_word' id='word_1_182' title='bbox 265 3864 297 3916; x_wconf 84' lang='lat' dir='ltr'><strong>ct</strong></span> <span class='ocrx_word' id='word_1_183' title='bbox 313 3850 396 3915; x_wconf 89' lang='lat' dir='ltr'><strong>sedis</strong></span> <span class='ocrx_word' id='word_1_184' title='bbox 418 3850 598 3936; x_wconf 67' lang='lat' dir='ltr'><strong>apostolicae</strong></span> <span class='ocrx_word' id='word_1_185' title='bbox 621 3851 777 3917; x_wconf 86' lang='lat' dir='ltr'><strong>auxilium</strong></span> <span class='ocrx_word' id='word_1_186' title='bbox 800 3849 980 3937; x_wconf 85' lang='lat' dir='ltr'><strong>implorare,</strong></span> <span class='ocrx_word' id='word_1_187' title='bbox 996 3849 1086 3936; x_wconf 94' lang='lat' dir='ltr'><strong>quod</strong></span> <span class='ocrx_word' id='word_1_188' title='bbox 1110 3849 1166 3913; x_wconf 89' lang='lat' dir='ltr'><strong>illa</strong></span> <span class='ocrx_word' id='word_1_189' title='bbox 1188 3849 1217 3913; x_wconf 87' lang='lat' dir='ltr'><strong>in</strong></span> 
     </span>
     <span class='ocr_line' id='line_1_29' title="bbox 264 3951 1220 4039; baseline 0.002 -26"><span class='ocrx_word' id='word_1_190' title='bbox 264 3951 443 4015; x_wconf 83' lang='lat' dir='ltr'><strong>exhibenda</strong></span> <span class='ocrx_word' id='word_1_191' title='bbox 454 3954 583 4039; x_wconf 87' lang='lat' dir='ltr'><strong>justitia</strong></span> <span class='ocrx_word' id='word_1_192' title='bbox 597 3955 761 4018; x_wconf 87' lang='lat' dir='ltr'><strong>cousuevit</strong></span> <span class='ocrx_word' id='word_1_193' title='bbox 776 3953 925 4017; x_wconf 90' lang='lat' dir='ltr'><strong>omnibus</strong></span> <span class='ocrx_word' id='word_1_194' title='bbox 940 3952 1110 4038; x_wconf 86' lang='lat' dir='ltr'><strong>impertiri.</strong></span> <span class='ocrx_word' id='word_1_195' title='bbox 1139 3955 1220 4016; x_wconf 89' lang='lat' dir='ltr'><strong>Can·</strong></span> 
     </span>
     <span class='ocr_line' id='line_1_30' title="bbox 265 4054 1217 4141; baseline 0.001 -25"><span class='ocrx_word' id='word_1_196' title='bbox 265 4075 330 4116; x_wconf 86' lang='lat' dir='ltr'><strong>sam</strong></span> <span class='ocrx_word' id='word_1_197' title='bbox 352 4054 432 4140; x_wconf 87' lang='lat' dir='ltr'><strong>ejus,</strong></span> <span class='ocrx_word' id='word_1_198' title='bbox 451 4057 510 4120; x_wconf 88' lang='lat' dir='ltr'><strong>etsi</strong></span> <span class='ocrx_word' id='word_1_199' title='bbox 530 4056 622 4120; x_wconf 87' lang='lat' dir='ltr'><strong>nobis</strong></span> <span class='ocrx_word' id='word_1_200' title='bbox 643 4056 684 4119; x_wconf 88' lang='lat' dir='ltr'><strong>ad</strong></span> <span class='ocrx_word' id='word_1_201' title='bbox 707 4054 836 4141; x_wconf 89' lang='lat' dir='ltr'><strong>plenum</strong></span> <span class='ocrx_word' id='word_1_202' title='bbox 861 4077 923 4118; x_wconf 91' lang='lat' dir='ltr'><strong>non</strong></span> <span class='ocrx_word' id='word_1_203' title='bbox 946 4054 1078 4139; x_wconf 90' lang='lat' dir='ltr'><strong>liqueat,</strong></span> <span class='ocrx_word' id='word_1_204' title='bbox 1096 4056 1217 4141; x_wconf 89' lang='lat' dir='ltr'><strong>justam</strong></span> 
     </span>
     <span class='ocr_line' id='line_1_31' title="bbox 263 4155 1219 4221; baseline 0.001 -4"><span class='ocrx_word' id='word_1_205' title='bbox 263 4176 330 4218; x_wconf 88' lang='lat' dir='ltr'><strong>csse</strong></span> <span class='ocrx_word' id='word_1_206' title='bbox 345 4156 550 4221; x_wconf 87' lang='lat' dir='ltr'><strong>confidimus:</strong></span> <span class='ocrx_word' id='word_1_207' title='bbox 579 4180 635 4219; x_wconf 89' lang='lat' dir='ltr'><strong>nec</strong></span> <span class='ocrx_word' id='word_1_208' title='bbox 650 4179 723 4219; x_wconf 91' lang='lat' dir='ltr'><strong>eum</strong></span> <span class='ocrx_word' id='word_1_209' title='bbox 739 4181 780 4221; x_wconf 81' lang='lat' dir='ltr'><strong>ex</strong></span> <span class='ocrx_word' id='word_1_210' title='bbox 801 4155 992 4221; x_wconf 88' lang='lat' dir='ltr'><strong>conscientia</strong></span> <span class='ocrx_word' id='word_1_211' title='bbox 1006 4155 1170 4220; x_wconf 89' lang='lat' dir='ltr'><strong>credimus</strong></span> <span class='ocrx_word' id='word_1_212' title='bbox 1188 4156 1219 4218; x_wconf 91' lang='lat' dir='ltr'><strong>in</strong></span> 
     </span>
    </p>
   </div>
   <div class='ocr_carea' id='block_1_6' title="bbox 261 4254 1221 4442">
    <p class='ocr_par' dir='ltr' id='par_1_6' title="bbox 261 4254 1221 4442">
     <span class='ocr_line' id='line_1_32' title="bbox 264 4254 1221 4344; baseline -0.001 -25"><span class='ocrx_word' id='word_1_213' title='bbox 264 4255 420 4320; x_wconf 69' lang='lat' dir='ltr'><strong>laesionem</strong></span> <span class='ocrx_word' id='word_1_214' title='bbox 434 4259 565 4322; x_wconf 90' lang='lat' dir='ltr'><strong>alterius</strong></span> <span class='ocrx_word' id='word_1_215' title='bbox 577 4257 754 4339; x_wconf 81' lang='lat' dir='ltr'><strong>transgredi</strong></span> <span class='ocrx_word' id='word_1_216' title='bbox 767 4257 880 4321; x_wconf 89' lang='lat' dir='ltr'><strong>lineam</strong></span> <span class='ocrx_word' id='word_1_217' title='bbox 892 4257 1065 4342; x_wconf 76' lang='lat' dir='ltr'><strong>requitatis.</strong></span> <span class='ocrx_word' id='word_1_218' title='bbox 1092 4254 1221 4344; x_wconf 86' lang='lat' dir='ltr'><strong>Suppli·</strong></span> 
     </span>
     <span class='ocr_line' id='line_1_33' title="bbox 261 4354 1218 4442; baseline 0.004 -26"><span class='ocrx_word' id='word_1_219' title='bbox 261 4377 369 4418; x_wconf 82' lang='lat' dir='ltr'><strong>camus</strong></span> <span class='ocrx_word' id='word_1_220' title='bbox 390 4356 497 4440; x_wconf 85' lang='lat' dir='ltr'><strong>itaque</strong></span> <span class='ocrx_word' id='word_1_221' title='bbox 521 4354 685 4438; x_wconf 84' lang='lat' dir='ltr'><strong>Majestati</strong></span> <span class='ocrx_word' id='word_1_222' title='bbox 706 4369 830 4436; x_wconf 79' lang='lat' dir='ltr'><strong>vestrae,</strong></span> <span class='ocrx_word' id='word_1_223' title='bbox 847 4370 882 4420; x_wconf 91' lang='lat' dir='ltr'><strong>ut</strong></span> <span class='ocrx_word' id='word_1_224' title='bbox 908 4378 1074 4441; x_wconf 80' lang='lat' dir='ltr'><strong>personam</strong></span> <span class='ocrx_word' id='word_1_225' title='bbox 1097 4356 1218 4442; x_wconf 89' lang='lat' dir='ltr'><strong>ejus‚si</strong></span> 
     </span>
    </p>
   </div>
   <div class='ocr_carea' id='block_1_7' title="bbox 0 0 1522 5500">
    <p class='ocr_par' dir='ltr' id='par_1_7' title="bbox 0 0 1522 5500">
     <span class='ocr_line' id='line_1_34' title="bbox 0 0 1522 5500; baseline 0 1"><span class='ocrx_word' id='word_1_226' title='bbox 0 0 1522 5500; x_wconf 95' lang='lat' dir='ltr'><strong> </strong></span> 
     </span>
    </p>
   </div>
  </div>
 </body>
</html>
