3034 5500
159 744 270 826 lton]
544 761 724 807 rrrsrota.
1052 752 1115 810 228

155 916 324 990 tendebat,
340 927 373 979 et
394 916 489 999 plane
506 914 653 978 videbitis
672 937 745 978 eum
767 915 800 976 in
821 916 909 978 nullo
931 916 1113 979 lmstratum

156 1029 286 1081 conatu
340 1017 464 1099 Sagitta
486 1016 555 1100 ejus
581 1030 750 1079 retrorsum
778 1037 842 1079 non
868 1018 957 1095 abiit,
981 1020 1114 1101 clypeus

155 1119 228 1202 ejus
252 1141 317 1182 non
343 1119 518 1183 declinavit
541 1119 572 1180 in
595 1119 695 1197 belle,
712 1130 744 1181 et
766 1119 858 1182 hasta
882 1119 950 1202 ejus
974 1141 1038 1182 non
1065 1134 1115 1183 est

156 1242 287 1285 aversa:
311 1242 407 1305 super
429 1220 570 1303 praedam
592 1222 806 1284 accumbebat
825 1234 860 1283 ut
881 1223 942 1299 leo,
957 1234 993 1285 ut
1007 1223 1113 1286 nullus

153 1342 230 1386 eum
255 1323 399 1386 excitare
422 1335 644 1405 pr·aesunteret;
670 1324 721 1385 rel
742 1323 813 1385 visu
836 1325 972 1386 terrebat
992 1324 1111 1399 hostes,

154 1425 252 1487 vicini
290 1445 324 1487 se
359 1424 559 1486 inclinabant
596 1425 770 1506 obsequiis,
800 1425 913 1486 remoti
948 1425 1111 1508 principes

155 1524 315 1588 amicitias
336 1528 553 1608 expetebant3
577 1524 742 1586 colebatur
762 1545 782 1586 a
801 1524 876 1599 suis,
895 1524 1112 1588 honorabatur

155 1628 197 1689 ab
215 1626 389 1704 extraneis,
403 1625 637 1710 praedicabatur
658 1646 678 1687 a
700 1625 838 1701 cunctis,
853 1645 872 1687 a
887 1626 981 1688 bonis
1000 1625 1111 1706 dilige-

153 1729 258 1805 batur,
281 1728 338 1791 sed
364 1727 505 1790 maxime
531 1728 661 1790 a'clero
684 1725 739 1809 qui
764 1747 837 1788 eum
861 1727 988 1789 colebat
1013 1748 1110 1809 supra

153 1830 247 1905 vires,
266 1851 325 1915 pro
346 1829 466 1891 viribus
486 1829 705 1903 venerabatur,
725 1837 757 1889 et
778 1827 922 1890 unanimi
944 1829 1109 1909 proposito

152 1928 308 2013 diligebat
337 1951 434 2012 super
463 1949 602 1991 amorem
633 1929 812 1991 mulierum.
866 1926 953 2000 Quid
982 1928 1105 1991 multa?

152 2031 273 2094 Rerum
299 2030 522 2112 expetibilium
553 2029 694 2091 omnium
720 2028 926 2106 abundantia,
949 2027 1036 2112 quod
1065 2028 1106 2093 ad

150 2131 327 2194 humanum
351 2129 523 2217 judicium,
553 2130 725 2202 fruebatur,
759 2132 886 2193 sublato
924 2129 1036 2193 timore
1073 2145 1106 2194 et

152 2234 378 2312 sollicitudine,
395 2232 455 2295 nisi
472 2253 568 2315 quam
591 2252 654 2293 non
676 2232 861 2310 necessitas,
875 2244 930 2296 aut
944 2232 1033 2309 ratic,
1048 2232 1106 2295 sed

150 2338 310 2415 voluutas,
327 2347 381 2400 aut
401 2336 540 2417 impetus
562 2335 735 2414 ingerebat
781 2334 846 2399 Sed
867 2356 929 2418 quo
953 2335 1016 2397 fine
1034 2335 1103 2398 haec

150 2439 298 2501 universa
309 2438 374 2500 Dei
390 2435 475 2500 dona
492 2435 660 2512 conclusit,
675 2437 701 2497 si
716 2447 822 2499 tamen
834 2437 903 2499 siue
914 2436 1105 2520 poenitentia

149 2551 182 2603 et
196 2539 414 2603 satisfactione
430 2539 607 2603 substiterit
622 2539 657 2601 in
674 2539 792 2603 finibus
808 2538 899 2601 istis?
936 2541 983 2603 Ut
996 2541 1104 2621 singu·

148 2644 250 2706 larum
276 2642 494 2719 ecclesiarum,
520 2662 601 2725 quas
630 2652 703 2705 ante
733 2663 790 2724 per
818 2642 1043 2723 ignorantiam,
1068 2654 1103 2705 ut

147 2747 330 2829 putabatur,
354 2755 410 2808 aut
438 2743 488 2807 sui
512 2743 596 2827 juris
626 2755 784 2826 praetextu
812 2743 946 2816 laeserat,
970 2740 1102 2825 injurias

146 2860 320 2924 taceamus,
330 2847 482 2909 Tolosam
498 2846 583 2907 bello
598 2866 813 2927 aggressurus,
825 2844 975 2906 omnibus
990 2855 1102 2907 contra

146 2951 313 3034 antiquum
330 2970 449 3011 morem
465 2958 496 3009 et
512 2945 653 3010 debitam
667 2946 845 3008 libertatem
861 2943 980 3007 indixit
994 2946 1100 3008 eccle·

146 3051 211 3129 siis,
229 3060 264 3113 ut
278 3071 336 3133 pro
359 3048 490 3112 arbitrio
510 3046 591 3130 ejus,
606 3058 639 3109 et
657 3053 854 3129 satraparum
875 3063 1001 3107 suorum
1022 3066 1097 3108 con·

145 3152 264 3216 tenent
290 3153 322 3213 iu
346 3171 489 3228 censum,
512 3170 572 3211 nec
597 3149 741 3232 permisit
760 3162 796 3212 ut
819 3147 963 3211 ecclesiae
986 3147 1099 3210 saltem

144 3256 331 3341 proceribus
361 3265 605 3339 coaequarentur
634 3255 667 3315 in
698 3253 759 3317 hac
789 3252 1025 3316 contributione
1049 3252 1099 3314 vel

144 3357 248 3441 magis
270 3358 440 3421 exactione
464 3371 527 3419 tam
551 3356 697 3448 indebita
719 3376 815 3439 quam
838 3354 968 3438 injusta.
1013 3353 1097 3415 Nam

143 3460 292 3524 ecclesia}
308 3459 340 3521 in
361 3457 507 3522 deteriori
528 3459 653 3521 calculo
672 3458 883 3534 vertebantur,
899 3467 1011 3539 utpote
1027 3477 1098 3539 quae

143 3562 241 3625 rebus
270 3562 336 3624 suis
365 3571 420 3624 aut
448 3561 568 3622 bonore
598 3558 794 3623 videbantur
824 3558 975 3640 indigum.
1031 3557 1096 3621 Sed

144 3686 240 3749 quem
257 3683 440 3727 successum
455 3662 563 3724 attulit
577 3663 647 3724 hac
668 3662 874 3745 pecuniarum
890 3660 1097 3736 immensitas,

142 3767 241 3832 tantis
256 3764 481 3830 exactionibus
504 3776 536 3827 et
557 3762 681 3847 injuriis
697 3761 877 3847 acquisita?
901 3784 1008 3825 nonne
1024 3782 1096 3843 pro·

138 3867 227 3953 jecta
255 3877 306 3930 est
327 3867 362 3928 in
388 3886 517 3929 saccum
543 3876 717 3949 pertusum,
741 3875 777 3927 ut
799 3863 884 3927 hosti
909 3862 1096 3945 suscipienti

141 3971 322 4056 proficeret,
337 3977 370 4030 et
383 3966 558 4029 effundenti
582 3988 648 4028 uon
670 3966 768 4029 modo
783 3976 868 4028 esset
890 3966 1025 4042 inutilis,
1038 3963 1095 4026 sed

141 4069 318 4137 damnosa?
360 4069 528 4153 Numquid
558 4091 622 4132 non
652 4069 693 4132 ab
723 4090 763 4132 ea
791 4066 843 4131 die
875 4070 999 4131 senuna
1029 4065 1096 4149 ejus

140 4186 311 4239 retrorsum
327 4173 435 4250 cessit,
450 4183 483 4234 et
497 4192 701 4235 successuum
717 4171 847 4234 ubertas
862 4168 1042 4233 emarcuit?

183 4277 250 4342 Sed
266 4276 353 4340 dicet
373 4273 499 4357 aliquis,
517 4274 666 4357 quoniam
688 4273 758 4336 brec
781 4270 917 4334 indictio
933 4290 1049 4333 census
1064 4281 1096 4330 et

141 4378 347 4443 ecclesiarum
364 4376 503 4453 vexatio,
525 4377 558 4437 in
580 4374 803 4438 cancellarium
825 4374 905 4457 ejuS,
921 4372 976 4453 qui
997 4390 1094 4445 nuuc,
