3034 5500
135 770 333 849 1159-—614
526 788 707 836 seraranan.
1056 779 1098 838 8³

134 937 203 1003 sede
221 938 317 1004 Petri
335 937 439 1011 virum
455 937 664 1025 apostolicum
681 939 806 1019 statuit,
821 942 958 1014 electum
973 955 1005 1007 at
1020 964 1095 1008 cou-

134 1054 291 1107 secratum
314 1039 478 1117 canonice,
493 1041 535 1107 ab
557 1040 706 1107 omnibus
728 1042 784 1128 qui
805 1056 890 1108 recte
910 1045 1039 1131 sapiunt
1061 1059 1094 1110 et

135 1141 289 1209 catholica
316 1141 542 1229 approbatum.
589 1142 624 1208 Is
651 1156 699 1207 eat
728 1141 876 1210 dominus
904 1145 1095 1223 Alexander,

137 1267 228 1330 quam
248 1245 281 1309 in
297 1258 425 1330 patrem
442 1258 475 1310 et
490 1257 662 1331 pastorem,
678 1267 808 1315 assensu
825 1248 1005 1334 principum
1020 1270 1097 1315 nou

137 1357 272 1428 uorum,
284 1345 466 1432 Augiicaua
480 1360 512 1412 at
526 1345 692 1411 Gallicana
706 1365 896 1434 receperunt
909 1348 1052 1431 ecclesia,
1063 1363 1096 1417 st

138 1462 255 1514 sauctae
277 1453 435 1516 Romanae
460 1448 600 1521 ecolesiae
626 1449 721 1537 plena
742 1450 912 1517 devotione
933 1451 1096 1531 obediens,

139 1551 445 1631 Octavianum,cum
457 1549 604 1615 omnibus
614 1550 796 1617 fautoribus
810 1551 983 1631 suinveiut
998 1553 1099 1618 maai·

138 1652 218 1719 ieate
232 1653 471 1718 schismaticum
486 1667 518 1718 et
538 1653 723 1717 haereticum
739 1651 972 1718 condemnavit.
1017 1653 1098 1718 Inda

138 1755 290 1842 estquod
310 1755 510 1821 universitati
527 1768 642 1820 vestrae
662 1753 878 1840 praecipiendo
898 1755 1098 1833 insudamus,

139 1868 174 1922 et
187 1858 394 1930 exhortamur
412 1858 445 1922 in
466 1857 617 1937 Domino,
632 1869 793 1943 qrratenua
814 1856 943 1921 domino
958 1858 1099 1925 Alexan·

140 1959 204 2024 dro
228 1971 377 2045 tanquam
399 1959 482 2046 patri
505 1961 675 2038 obediatis,
695 1973 727 2024 et
746 1959 776 2023 ei
799 1961 1009 2033 reverentiam
1032 1963 1100 2026 Ro-

141 2083 238 2126 mano
252 2061 395 2148 pontifici
409 2062 564 2136 debitam,
580 2084 638 2148 per
652 2062 759 2125 omnia
774 2060 964 2128 exhibeatis.

211 2249 450 2323 EPISTOLA
474 2250 826 2321 LXV1.-.-snmsau
843 2271 1036 2324 usuurcusr.

188 2375 243 2440 Ex
263 2372 390 2449 litteris,
410 2397 491 2461 quas
512 2374 589 2443 mihi
616 2388 721 2439 vestra
741 2379 894 2442 serenitas
918 2378 1102 2459 destinavit,

146 2475 277 2564 planum
299 2490 349 2541 est
370 2475 574 2562 prudentiam
601 2491 736 2551 vestram
762 2481 965 2564 suggestione
991 2482 1105 2568 malig-

146 2580 292 2644 nantium
314 2578 467 2644 aduersus
489 2578 700 2647 innocentiam
725 2602 826 2644 meam
849 2582 947 2647 fuisse
967 2584 1104 2648 circum·

147 2695 286 2750 ventam.
319 2680 485 2770 Siquidem
502 2682 560 2757 iili,
574 2704 657 2769 quos
671 2696 794 2746 vestros
815 2684 1023 2769 parochianos
1036 2708 1106 2751 asae

145 2784 299 2867 amerius,
310 2806 332 2849 a
344 2783 474 2848 domino
487 2785 728 2870 archiepiscopo
742 2807 800 2870 per
814 2784 961 2861 decanos,
977 2799 1009 2849 et
1025 2786 1105 2850 aiios

145 2885 297 2951 officiales
311 2910 386 2951 suos
400 2908 486 2973 steps
500 2887 590 2951 citati
606 2899 694 2963 sunt,
709 2898 741 2949 et
755 2907 856 2971 quum
870 2886 904 2949 in
921 2907 979 2949 sua
992 2898 1107 2950 contu-

147 2990 249 3054 macia
262 2989 442 3076 pertinaces
457 2986 582 3077 semper
595 2988 825 3065 invenirentur,
838 2987 966 3053 tandem
980 2987 1104 3055 denun-

146 3092 268 3157 ciatum
294 3105 343 3156 ast
371 3092 415 3156 eia
445 3092 506 3157 sub
535 3090 791 3158 interminatione
821 3090 1041 3167 anathematis,
1069 3104 1106 3156 ut

147 3196 273 3282 copiam
294 3195 344 3262 sui
364 3196 397 3259 in
420 3195 539 3280 synodo
560 3194 711 3259 iacerent.
746 3194 946 3281 illicitaque
968 3194 1109 3260 absenti·

147 3298 222 3376 bus,
233 3298 333 3363 immo
346 3298 454 3386 potius
469 3319 502 3361 se
516 3297 746 3363 contumaciter
760 3297 1013 3375 absentantibus,
1025 3320 1108 3384 pne·

148 3414 254 3465 sentes
279 3401 413 3466 fuerunt
441 3399 591 3465 officiales
621 3398 833 3464 archidiaconi
863 3421 920 3484 per
948 3422 1031 3487 quos
1061 3400 1109 3465 illi

149 3504 322 3589 oepusime
336 3503 424 3570 citati
440 3500 577 3566 fuerant.
617 3500 730 3575 Quinn
744 3514 852 3566 autem
868 3523 925 3586 per
939 3525 1004 3579 eos,
1019 3514 1051 3568 et
1066 3502 1109 3569 da

149 3603 369 3682 citationibus,
378 3618 410 3669 et
419 3604 460 3669 de
468 3603 649 3668 contumaci
659 3602 860 3688 responsione
869 3591 1109 3670 absentantium

150 3707 357 3785 constitisset,
372 3729 438 3770 rem
458 3705 499 3770 ad
514 3705 779 3771 consultationem
801 3703 920 3767 domini
940 3707 1110 3792 archiepis-

150 3809 235 3895 copi,
244 3808 321 3874 iicet
335 3808 479 3895 synodus
490 3808 578 3876 aiiud
593 3807 753 3883 suaderet,
766 3805 887 3870 credidi
903 3805 1112 3873 referendam.

155 3906 239 3973 Mihi
254 3931 396 3995 namque
410 3909 477 3973 fere
492 3923 560 3973 tota
575 3908 718 3994 synodus
738 3906 968 3984 reluctabatur,
983 3921 1016 3973 et
1036 3932 1114 3975 non-

153 4012 231 4076 nuiii
250 4011 478 4089 detrahebant,
498 4010 639 4074 diceutes
661 4032 712 4073 me
733 4005 935 4073 dissimulare
953 4010 1113 4096 justitiam

154 4112 396 4180 Cantuarienu's
419 4111 571 4188 ecclesias,
597 4124 629 4176 et
658 4109 780 4175 domini
807 4110 1046 4199 archiepiscopi,
1073 4113 1115 4178 ob

155 4214 293 4282 inaurem
310 4227 466 4293 vestrum,
480 4214 537 4301 qui
553 4225 685 4297 accepto
699 4224 843 4296 tempore
858 4210 1022 4294 languoris
1036 4212 1116 4296 ejus,

155 4340 192 4383 ex
213 4320 382 4405 insperato
404 4315 434 4378 in
450 4316 555 4401 ipsum
579 4314 744 4398 insurgere
767 4312 964 4388 decrevistis,
979 4327 1012 4376 et
1032 4317 1119 4378 Can·

157 4420 326 4487 tuarienais
346 4415 487 4482 ecclesiae
510 4418 662 4480 terminos
681 4412 820 4499 ingredi,
834 4426 865 4476 et
888 4434 957 4476 earn
975 4413 1025 4477 his
1046 4435 1120 4498 quae

618 4524 675 4581 ot
