3034 5500
408 755 449 810 72
665 768 802 811 Joausrs
819 766 1101 810 saussusnrnnsrs
1271 746 1315 825 [s.
1332 765 1358 808 n.

413 917 530 1000 agitur,
557 940 638 1002 quos
666 941 721 979 vos
752 919 907 1000 sapientes
933 918 1064 1002 spiritus
1096 915 1277 1000 prophetiae
1303 937 1357 977 non

414 1040 535 1103 semper
558 1018 707 1081 illustrat.
755 1017 862 1081 Facile
885 1032 990 1082 tamen
1013 1015 1207 1080 crediderim
1230 1016 1361 1082 Lexovi-

414 1142 513 1197 enses,
528 1142 627 1206 quum
644 1119 782 1205 plurima
797 1123 908 1194 sciant,
924 1133 955 1183 et
978 1140 1195 1205 quaecumque
1212 1118 1360 1183 voluerint

413 1220 613 1305 eloquantur,
629 1243 695 1284 esse
709 1220 843 1284 divinos.
891 1222 921 1283 N
926 1220 1046 1306 unquid
1063 1243 1141 1305 ergo
1156 1243 1199 1283 ex
1215 1243 1361 1305 quacum-

416 1346 478 1406 que
492 1346 588 1385 causa
601 1345 681 1386 ausu
699 1322 864 1386 temerario
879 1322 1066 1385 contendam
1084 1337 1206 1398 tecum,
1222 1323 1280 1408 qui
1296 1346 1363 1386 aue

415 1424 542 1488 toritatc
558 1438 589 1487 et
606 1424 718 1487 merito
741 1424 988 1489 lexoviensibus
1010 1425 1158 1509 patribus
1174 1423 1361 1510 adaequaris.

415 1526 544 1590 Domini
575 1528 601 1589 si
631 1526 761 1612 quidem
798 1525 1010 1589 Lexovienses
1041 1539 1149 1609 patres
1179 1548 1242 1589 non
1274 1526 1363 1590 modo

413 1627 644 1713 eloquentium,
654 1627 706 1691 sed
718 1626 906 1713 eloquentia
915 1625 1152 1710 quodammodo
1164 1641 1252 1691 sunt.
1286 1629 1361 1690 Nam

414 1752 513 1815 quum
531 1730 806 1794 Aureliaeensibus
827 1730 883 1814 qui
901 1728 1072 1792 multarum
1088 1750 1197 1791 rerum
1221 1729 1360 1813 peritiam

413 1846 444 1894 et
462 1855 553 1895 usum
571 1833 698 1910 babent,
712 1846 882 1918 aequentur
896 1832 929 1894 in
946 1829 1102 1916 plurimis,
1113 1828 1146 1892 in
1162 1853 1201 1892 eo
1216 1830 1361 1894 facillime

412 1933 612 2008 antecedunt,
629 1933 716 2018 quod
740 1935 790 1996 bic
813 1950 985 1996 nascuntur
1007 1945 1039 1995 et
1062 1930 1145 1994 liunt
1169 1931 1362 2018 eloquentes,

410 2031 489 2095 adeo
512 2034 639 2119 quidem
658 2048 693 2098 ut
715 2058 840 2108 omnem
864 2049 990 2098 aetatem
1013 2047 1045 2097 et
1068 2056 1180 2097 sexum
1204 2035 1361 2118 genuinus

410 2134 599 2219 eloquentioe
617 2159 692 2199 usus
706 2137 841 2215 imbuat,
855 2152 887 2202 et
901 2136 1059 2200 informet.
1105 2135 1195 2209 Quid
1214 2159 1294 2222 ergo
1307 2137 1360 2199 im·

411 2232 575 2320 peditioris
588 2235 705 2320 linguae
718 2237 900 2312 homuncio,
913 2237 1045 2300 torrenti
1058 2251 1157 2301 tantae
1170 2237 1359 2323 eloquentiae

408 2337 628 2422 respondebo?
659 2340 748 2403 Licet
765 2353 872 2402 autem
888 2361 1042 2425 nequeam
1059 2339 1099 2402 de
1120 2340 1191 2425 pari
1206 2341 1359 2414 resistere,

408 2453 512 2501 tamen
529 2440 648 2525 quibus
663 2463 713 2504 me
729 2439 886 2503 immerito
897 2440 1039 2503 inustum
1056 2441 1293 2525 perstrinxeris,
1305 2442 1358 2504 im-

407 2561 493 2624 pune
515 2539 596 2602 forte
620 2561 803 2626 percurrere
828 2538 932 2602 licebit
952 2539 1045 2601 venia
1066 2539 1251 2625 impetrata.
1297 2545 1358 2603 Ac·

407 2663 498 2703 cusas
512 2640 621 2726 itaque
644 2642 889 2707 diuturnitatem
912 2642 1028 2706 silentii
1051 2643 1124 2721 mei,
1141 2666 1247 2707 nonne
1270 2643 1357 2707 silere

406 2743 527 2810 licitum
543 2750 614 2810 est?
643 2750 707 2811 imo
721 2761 753 2810 et
768 2747 893 2832 justum
910 2744 996 2832 apud
1016 2743 1187 2832 sapientes,
1203 2761 1235 2811 et
1252 2748 1358 2811 sacun-

405 2845 473 2927 dos,
488 2869 560 2910 eum
585 2849 641 2933 qui
657 2848 865 2933 impeditioris
889 2848 1004 2931 linguae
1019 2861 1079 2923 est,
1094 2861 1127 2911 et
1149 2850 1251 2913 animi
1265 2851 1356 2915 obtu-

405 2949 504 3013 sioris.
548 2950 659 3014 Nonne
675 2953 701 3014 si
716 2949 915 3035 frequentius
930 2948 1081 3034 loquatur
1096 2963 1154 3014 aut
1168 2952 1302 3030 scribat,
1316 2951 1356 3015 ad

406 3052 473 3116 baec
490 3051 594 3115 minus
609 3053 750 3131 idoneus,
766 3075 856 3115 suam
871 3051 1074 3135 ignominiam
1095 3052 1289 3135 denudabit,
1302 3069 1355 3119 aut

404 3154 629 3237 perpetuabit?
652 3156 830 3216 Transeunt
846 3154 928 3216 enim
945 3176 1019 3239 quae
1033 3152 1198 3231 dicuutur,
1210 3158 1267 3221 sed
1283 3181 1355 3244 quoe

402 3252 520 3337 scripta
534 3267 608 3317 sunt
625 3267 820 3339 permanent.
866 3253 933 3327 Qui
952 3269 1056 3319 tamen
1073 3271 1105 3321 te
1128 3258 1200 3342 ipso
1223 3263 1356 3325 tacitur-

402 3353 471 3415 nior
498 3353 618 3429 videor,
646 3355 716 3434 tibi,
737 3356 794 3439 qui
821 3358 971 3421 scribenti
999 3358 1140 3422 rescribo
1166 3384 1305 3447 semper,
1326 3378 1358 3428 et

402 3454 560 3517 interdum
576 3455 693 3541 scripto
716 3458 875 3541 praerenio
891 3474 920 3523 te
935 3456 1137 3543 scripturum.
1186 3462 1252 3525 Sed
1274 3465 1357 3529 sorte

400 3552 550 3618 illiterata
564 3555 659 3619 facies
675 3556 863 3631 litterarum,
881 3572 913 3622 et
935 3558 1032 3621 aridae
1048 3557 1169 3645 linguae
1192 3563 1281 3628 color
1302 3589 1356 3630 ex·

399 3657 526 3739 anguis,
553 3657 810 3744 scripturientem
834 3680 891 3724 aut
917 3660 1141 3726 dicturientem
1167 3667 1356 3752 exprimunt

399 3759 614 3846 potiusquam
629 3763 814 3826 scribentem
827 3761 959 3848 aliquid,
971 3778 1027 3826 aut
1038 3761 1209 3831 dicentem.
1250 3774 1354 3837 Recte

399 3859 530 3945 quidem
545 3863 589 3926 sic
604 3863 693 3927 dicor
714 3862 851 3947 elinguis
866 3878 923 3928 aut
945 3879 1065 3939 mutus,
1082 3890 1186 3951 quum
1202 3884 1234 3933 et
1260 3872 1355 3935 simili

399 3963 568 4028 verborum
585 3966 742 4029 schcmate
762 3965 843 4028 male
858 3966 994 4030 formata
1017 3968 1132 4032 mulier
1154 3969 1286 4037 dicatur
1309 3975 1354 4037 in-

398 4065 521 4143 formis,
544 4082 577 4132 et
603 4068 718 4132 litterae
744 4089 819 4151 quae
846 4065 1009 4132 minimum
1037 4086 1163 4148 sonant,
1190 4089 1353 4140 mutarum

398 4167 525 4229 nomine
558 4182 753 4232 censeantur.
807 4169 967 4231 Caeterum
1005 4169 1239 4239 taciturnitatis
1277 4200 1354 4240 mear

398 4265 489 4329 aliam
513 4270 666 4352 exprimis
687 4290 825 4340 causam,
843 4283 955 4331 notans
977 4270 1183 4355 supercilium
1208 4277 1354 4343 elationis

398 4386 486 4443 meae,
498 4369 555 4451 qui
572 4367 611 4429 de
626 4368 742 4429 throno
757 4367 932 4450 potestatis,
946 4392 1011 4453 qua
1026 4392 1076 4432 me
1093 4373 1141 4436 uti
1155 4374 1266 4459 lingis,
1277 4378 1353 4442 ami·
