3034 5500
286 760 455 838 libo-8]
665 776 846 823 emanans.

450 1050 672 1118 EPISTOLA
700 1052 888 1114 {llll-sn
904 1071 1058 1116 eunoun.

620 1187 766 1248 Adriano
776 1209 885 1269 pape.

321 1321 499 1386 Lraraass
514 1315 690 1381 sanctitatis
700 1317 931 1384 vestraedebita
945 1342 1017 1384 cum
1033 1321 1231 1386 veneratione

279 1421 486 1506 suscepimus,
517 1419 636 1504 quibus
662 1417 888 1483 continebatur
924 1434 960 1485 ut
999 1435 1063 1486 tam
1101 1421 1231 1487 domino

280 1521 494 1589 Londoniensi
517 1543 614 1606 quam
637 1522 781 1606 capitulo
803 1521 945 1606 ejusdem
971 1521 1123 1600 ecclesiae,
1139 1524 1230 1588 item·

277 1648 338 1711 que
370 1622 517 1689 Waltero
546 1621 710 1689 sacerdote
740 1635 816 1686 ente
854 1636 994 1687 nostram
1020 1626 1230 1708 praesentiam,

276 1727 426 1803 evocatis,
456 1724 702 1790 controversiam
732 1746 809 1810 quae
837 1724 921 1789 inter
953 1747 1008 1790 eos
1038 1728 1231 1793 vertebatur.

277 1828 490 1916 appellatione
527 1839 648 1891 remota
686 1826 748 1891 line
790 1826 941 1894 canonico
979 1828 1232 1895 terminaremus.

279 1929 432 1999 Partibus
446 1931 585 2016 itaquee
602 1929 730 2014 regione
745 1926 1050 2017 constitutis,quum
1068 1934 1232 1999 Walterus

276 2046 469 2120 proponeret
486 2031 567 2096 duos
581 2030 622 2095 de
638 2030 809 2117 praecipuis
823 2030 910 2099 illius
925 2032 1065 2098 ecclesiae
1080 2033 1167 2114 viris,
1185 2036 1230 2102 H.

274 2135 546 2213 archidiaconum,
562 2147 593 2198 et
619 2134 814 2218 Magistrum
838 2133 1034 2213 Albericum,
1056 2137 1166 2203 ambos
1188 2162 1228 2203 ex

276 2251 368 2324 parte
384 2235 518 2324 capituli
541 2235 600 2299 sibi
622 2235 839 2312 denuntiasse,
855 2235 991 2301 alterum
1006 2251 1126 2318 autem,
1143 2241 1230 2305 vide-

277 2341 351 2405 licet
367 2338 556 2423 magistrum
573 2341 623 2418 A,
636 2361 678 2402 ex
704 2349 794 2423 parte
816 2338 955 2425 episcopi
975 2342 1035 2405 sibi
1051 2341 1179 2422 dixisse,
1194 2357 1231 2409 ut

276 2445 308 2508 in
340 2441 538 2506 sacerdotem
569 2439 784 2516 ordinaretur,
811 2440 924 2504 altario
953 2445 993 2506 B.
1024 2443 1117 2508 Pauli
1147 2445 1230 2510 sicut

276 2567 362 2609 unus
390 2565 431 2608 ex
461 2542 531 2606 aliis
560 2541 811 2622 ministraturus,
840 2565 902 2606 non
939 2542 1041 2609 solum
1081 2544 1230 2611 dominus

276 2644 507 2712 Londoniensis
532 2665 641 2708 verum
666 2656 697 2707 et
725 2644 908 2708 universum
933 2646 1109 2731 capitulum
1138 2672 1170 2712 se
1196 2648 1230 2713 id

276 2748 443 2816 mandasse
472 2760 654 2813 constanter
683 2760 757 2812 sunt
788 2747 932 2812 inficiati.
993 2752 1070 2812 Duo
1099 2774 1231 2837 quoque

276 2850 443 2918 memorati
461 2850 518 2914 viri
535 2873 592 2935 pro
607 2873 640 2916 se
656 2850 883 2936 respondentes
898 2848 982 2912 idem
999 2850 1231 2932 diffitebantur,
1275 2926 1279 2932 ¹

276 2954 416 3024 fatentes
432 2966 536 3017 tamen
559 2952 646 3038 quod
663 2975 703 3015 ex
727 2951 858 3039 proprio
880 2963 968 3014 motu
991 2949 1087 3014 animi
1110 2953 1232 3037 Magis-

277 3071 364 3122 trum
382 3053 567 3120 Walterum
592 3069 744 3140 tanquam
760 3052 897 3117 amicum
917 3075 1012 3140 super
1034 3052 1232 3119 ordinatione

277 3158 494 3233 convenerint,
507 3155 784 3242 interrogaverint,
800 3155 1029 3235 consuluerint,
1047 3169 1084 3222 ut
1095 3156 1136 3220 ad
1148 3158 1234 3223 ordi-

277 3283 351 3327 nem
379 3262 622 3347 presbyteratus
648 3257 823 3336 accedemt,
849 3258 991 3323 dicentes
1020 3258 1080 3323 hoc
1110 3264 1233 3345 placere

277 3363 437 3451 capitulo:
466 3361 543 3425 nihil
567 3374 672 3425 tamen
698 3361 832 3425 istorum
858 3383 898 3425 ex
925 3374 1016 3447 parte
1042 3361 1173 3449 capituli
1200 3388 1233 3429 se

277 3466 409 3541 dixisse,
439 3476 496 3528 aut
525 3462 649 3547 aliquid
680 3463 861 3548 promisisse
890 3461 1062 3529 asserebat.
1108 3465 1232 3532 Deinde

277 3590 381 3654 quum
404 3589 501 3653 super
524 3566 573 3630 his
599 3564 766 3630 consilium
793 3564 992 3641 haberemus,
1021 3564 1233 3633 assidentibus

278 3671 370 3735 nobis
386 3668 621 3732 venerabilibus
636 3667 792 3732 fratribus
813 3668 929 3732 nostris
945 3669 1089 3733 Roberto
1109 3669 1231 3736 Lincol.

278 3771 443 3839 Willelmo
466 3768 604 3835 Norwic.
629 3770 734 3833 Hilar.
759 3768 891 3834 Cicestr.
916 3770 1083 3857 episcopis,
1106 3773 1234 3838 londo·

278 3875 418 3938 niensem
443 3870 643 3958 episcopum,
666 3872 801 3958 ejusque
823 3885 1015 3936 conventum
1039 3894 1058 3934 a
1081 3874 1233 3959 petitione

281 3975 383 4040 Walt.
415 3973 622 4052 absolvimus,
651 3997 688 4036 eo
724 3972 812 4058 quod
851 3973 1004 4037 adversus
1041 3997 1094 4038 eos
1131 3977 1234 4041 nullas

279 4077 405 4142 afferret
430 4074 642 4162 probationes.
688 4077 789 4139 Porro
811 4076 962 4160 quoniam
981 4075 1047 4139 duo
1071 4077 1129 4139 viri
1153 4101 1234 4163 prae-

280 4178 434 4245 nominati
450 4168 490 4240 ei
507 4177 701 4241 confessione
723 4198 782 4239 sua
803 4198 1007 4262 quacumque
1029 4176 1235 4263 aliquomodo

280 4281 380 4347 teneri
419 4277 621 4359 videbantur,
651 4279 691 4342 ad
728 4277 961 4342 emendicatum
999 4302 1057 4366 pro
1094 4301 1234 4365 paupere

280 4384 488 4448 decurrentes
509 4380 709 4468 suffragium,
731 4392 961 4444 sacramentum
981 4381 1026 4444 eis
1048 4379 1233 4457 detulimus,
