3034 5500
286 730 493 810 llos—60]
700 750 880 796 seurota.
1207 741 1248 799 89

281 913 486 966 contemnere
502 903 558 990 qui
575 902 659 967 misit
675 901 776 966 illum.
808 906 944 977 Caetera,
961 924 1034 988 quoe
1048 902 1090 966 ad
1106 926 1242 990 praeseu-

280 1015 341 1066 tem
353 1003 532 1069 articulum
547 1003 717 1089 pertinent,
728 1002 811 1068 lator
824 1005 1028 1091 praesentium
1043 1006 1159 1090 poterit
1170 1006 1243 1071 viva

282 1125 355 1171 voce
371 1104 576 1172 commodius
590 1104 724 1192 aperire.

443 1402 669 1469 EPISTOLA
691 1401 955 1468 XXXVIl.—un
971 1452 1079 1467 .....

626 1551 752 1616 Electin
767 1553 897 1615 obbatis.

324 1706 510 1769 Pssrouum
536 1701 680 1767 absentia
702 1702 752 1766 vel
780 1700 975 1788 negligentia
998 1712 1119 1768 tautam
1144 1705 1240 1770 infert

282 1804 590 1870 ecclesiislaesionem
608 1819 644 1870 nt
656 1805 744 1892 quod
757 1804 863 1882 facile,
873 1819 930 1871 ont
941 1805 1029 1870 brevi
1041 1820 1193 1891 tempore,
1208 1806 1240 1871 in

282 1907 428 1973 muribus
449 1920 505 1972 aut
525 1907 620 1972 rebus
644 1907 748 1994 periit,
773 1908 828 1971 vix
853 1927 970 1993 magno
993 1906 1112 1985 labore,
1136 1908 1239 1974 multa

283 2007 460 2093 vigilantia,
489 2007 583 2095 longo
612 2010 764 2096 temporis
793 2009 896 2096 spatio
925 2008 1028 2074 valeat
1056 2010 1237 2075 instaurari.

281 2113 456 2177 Exercitus
482 2133 632 2198 namque,
659 2115 791 2197 rapinae,
818 2110 986 2198 multiplex
1014 2111 1237 2198 temporalium

274 2213 405 2297 jactura
419 2213 570 2292 eminent,
584 2213 670 2278 domi
686 2226 850 2298 grassatur
871 2214 980 2290 hostis,
995 2217 1061 2278 imo
1076 2237 1237 2281 ramorum

279 2327 309 2379 et
331 2313 495 2401 religionis
515 2328 579 2380 tam
598 2316 776 2402 propagine
795 2339 892 2402 quam
915 2316 1021 2381 radice
1039 2314 1171 2394 succisa,
1188 2316 1237 2380 leo

277 2416 407 2503 rugiens
420 2417 603 2504 expositum
619 2418 739 2484 invenit
756 2418 878 2505 ubique
893 2441 989 2505 quem
1005 2417 1146 2484 devoret.
1171 2418 1234 2497 Qui

277 2540 362 2592 vero,
383 2517 417 2583 iu
440 2531 531 2584 tauto
555 2519 696 2605 periculo
717 2522 922 2597 constitutus,
945 2543 1007 2584 non
1031 2524 1141 2594 timet;
1170 2543 1233 2584 non

281 2633 346 2684 tam
361 2620 518 2689 exanimis
533 2642 631 2707 quam
646 2622 845 2688 exanimatus
859 2637 915 2686 est.
962 2621 1024 2686 Sed
1048 2635 1080 2687 et
1096 2621 1237 2696 illorum,

279 2722 339 2810 qui
351 2723 450 2788 tantis
464 2721 582 2788 debent
594 2721 713 2790 morbis
726 2746 891 2790 occurrere
903 2723 953 2788 vel
969 2722 1099 2800 mederi,
1115 2723 1238 2810 pericli-

277 2837 367 2890 tatur
389 2826 486 2905 salus,
509 2824 565 2891 nisi
593 2840 692 2892 totam
715 2827 914 2914 vigilantiam
937 2848 1026 2890 suam
1049 2837 1180 2909 erogent
1202 2826 1235 2888 in

277 2926 481 3013 procuranda
500 2925 602 2991 salute
623 2926 840 2991 subditorum.
880 2923 977 2987 Unde
992 2936 1024 2987 et
1045 2947 1102 2987 nos
1117 2922 1238 2988 desola-

277 3027 356 3093 tioni
379 3040 494 3093 vestrm
514 3041 646 3115 paterno
666 3026 895 3113 compatientes
916 3023 1046 3101 affectu,
1063 3048 1083 3088 a
1104 3024 1236 3091 domino

277 3144 387 3196 nostro
409 3153 483 3216 rege
509 3130 718 3209 obtinuimus,
742 3141 778 3194 ut
801 3126 976 3194 secuudum
1003 3126 1234 3193 institutionem

279 3254 443 3297 sacrorum
458 3252 614 3296 canonum
632 3242 789 3317 pastorem
805 3230 954 3294 idoneum
971 3228 1062 3294 vobis
1077 3229 1237 3316 praeficere

277 3334 448 3398 valeamus,
473 3334 538 3397 Res
547 3342 655 3395 autem
665 3329 859 3395 celeritatem
869 3346 901 3395 et
913 3329 1111 3416 diligentiam
1124 3331 1236 3417 exigit,

277 3458 380 3523 quum
392 3434 496 3499 omnis
505 3455 594 3497 mora
606 3432 718 3497 salutis
729 3432 913 3496 differendae
925 3432 1103 3518 periculum
1116 3434 1235 3514 trahat,

276 3552 307 3603 et
331 3533 473 3602 ecclesiae
496 3547 609 3600 restroe
635 3547 738 3600 status
761 3534 794 3598 in
816 3556 855 3599 eo
878 3547 1023 3599 versetur
1044 3533 1178 3617 calculo,
1198 3551 1235 3604 ut

275 3637 430 3725 religiosis
455 3635 570 3702 vestris
596 3635 756 3721 lugendus
787 3635 895 3723 potius
921 3659 1019 3723 quam
1051 3637 1236 3707 referendus

276 3738 433 3806 videatur.
489 3736 617 3823 Religio
646 3736 729 3823 perit
759 3737 905 3814 interius,
935 3736 1093 3802 exteriora
1121 3738 1237 3806 distra-

279 3843 416 3917 huntur,
439 3837 647 3924 diripiuntur,
667 3852 699 3903 et
720 3838 888 3913 defluunt;
920 3852 1050 3905 nonest
1072 3838 1158 3904 domi
1181 3842 1239 3926 qui

278 3943 437 4007 auxilium
453 3941 597 4027 porrigat
619 3950 676 4003 ant
692 3940 869 4004 consilium.
915 3939 1052 4004 Morbus
1062 3940 1130 4027 jam
1153 3942 1238 4007 iuve-

278 4059 401 4111 teratus
415 4057 475 4120 est,
491 4065 592 4129 quum
612 4042 669 4107 diu
685 4042 824 4107 defuerit
845 4042 902 4128 qui
918 4042 988 4106 haec
1009 4041 1094 4108 iuala
1109 4047 1238 4134 propul.

276 4170 343 4213 sare
360 4145 458 4210 vellet
474 4157 505 4208 et
522 4156 637 4230 posset.
682 4142 770 4218 Quia
785 4165 861 4229 ergo
882 4145 1081 4228 praesentiam
1097 4160 1235 4211 nostram

279 4248 366 4316 uobis
381 4248 425 4313 ad
440 4268 582 4333 praeseus
597 4266 658 4308 non
677 4267 845 4330 possumus
866 4243 1027 4324 exhibere,
1041 4247 1237 4312 venerabiles

279 4352 394 4418 fratres
413 4361 539 4413 nostros
552 4346 686 4411 Gauter.
705 4350 975 4413 Conventrensem
990 4361 1021 4410 et
1036 4347 1099 4411 Alf.
1111 4347 1240 4429 Wigor-
