3034 5500
283 744 483 823 lita-64]
541 701 547 709 .
673 761 850 806 nrisroan.
1179 746 1239 805 119

275 914 368 977 sionis
401 914 614 999 peccantium,
639 925 696 976 ant
721 910 956 999 jucunditatem
988 909 1176 991 devotionis,
1202 924 1234 976 et

276 1020 409 1080 salutem
435 1014 585 1088 fratrum,
609 1025 641 1077 et
665 1009 836 1078 utilitatem
863 1014 1004 1076 omnium
1028 1013 1230 1077 auditorum:

275 1133 304 1183 et
318 1139 406 1180 nunc
425 1115 558 1202 quidem
581 1116 674 1180 rubet
694 1117 727 1179 in
747 1115 843 1179 calice
863 1115 1027 1201 passionis,
1043 1136 1128 1178 nunc
1149 1111 1234 1177 albet

275 1218 304 1281 in
320 1221 492 1282 sanctitate
513 1228 545 1280 et
567 1217 725 1281 munditia
744 1217 919 1282 castitatis:
952 1239 1037 1280 nunc
1063 1215 1165 1280 fervet
1185 1237 1236 1278 ca-

275 1320 379 1395 ritate,
396 1340 483 1383 nunc
499 1318 622 1383 redolet
638 1318 797 1382 hilaritate
812 1317 1056 1382 conversationis
1073 1317 1233 1386 honesta:

276 1419 463 1484 subtiliatur
485 1420 658 1495 interdum,
681 1432 715 1484 ut
739 1420 882 1484 conferat
905 1418 1057 1498 delicatis,
1080 1441 1163 1482 nunc
1186 1441 1234 1482 so-

277 1522 361 1586 lidus
375 1536 435 1601 est,
450 1535 488 1586 ut
505 1520 689 1587 rudioribus
710 1521 854 1607 proficiat
876 1535 907 1584 et
930 1521 1058 1605 ignaris.
1105 1522 1186 1584 Sunt
1201 1534 1233 1586 et

277 1623 340 1687 illae
355 1623 556 1700 differentia,
573 1646 654 1709 quas
670 1645 856 1688 enumerare
870 1621 1003 1707 longum
1025 1634 1084 1698 est,
1097 1642 1235 1704 quarum

279 1724 456 1810 quamlibet
482 1724 619 1789 Falerno
634 1723 830 1809 praetulerim
851 1734 907 1786 aut
928 1721 1163 1797 Panormitano,
1179 1734 1236 1785 aut

283 1827 411 1907 Groeco,
425 1849 490 1912 quo
504 1848 555 1889 me
572 1825 699 1890 Siculus
718 1824 923 1888 cancellarius
944 1824 985 1887 ad
1001 1823 1166 1909 pernitiem
1187 1846 1236 1888 sa·

282 1926 428 2013 lutisque
438 1927 639 2015 dispendium
651 1938 762 2011 potare
774 1938 991 1990 consueverat.
1025 1927 1104 1989 Peto
1115 1925 1236 2011 itaque,

283 2042 316 2094 ut
336 2028 413 2093 inde
435 2026 512 2093 mihi
535 2029 659 2093 faciatis
681 2029 817 2113 copiam,
838 2042 893 2092 aut
916 2026 1171 2107 misericordiam,
1192 2026 1238 2092 ita

283 2144 388 2194 tamen
405 2128 492 2215 quod
509 2130 648 2212 Anglico
664 2143 695 2193 et
711 2129 816 2214 potori
832 2132 976 2192 sufficere
991 2126 1114 2191 debeat.
1152 2127 1239 2193 Alio-

282 2231 359 2317 quin
374 2244 488 2318 potero
503 2254 559 2295 vos
575 2243 650 2294 nota
667 2230 857 2316 proditionis
872 2230 1008 2304 inurere,
1024 2242 1056 2294 et
1070 2229 1238 2293 convenire

283 2333 357 2414 doli,
378 2332 437 2422 qui
460 2356 511 2397 me
533 2333 670 2419 panibus
691 2333 923 2417 ingurgitastis,
946 2346 977 2397 et
1000 2354 1066 2418 quo
1087 2332 1121 2394 in
1144 2354 1238 2396 usum

284 2434 386 2521 digeri
412 2436 537 2522 possint
563 2435 751 2499 subtrahitis
778 2448 901 2520 potum,
926 2436 1039 2520 utique
1070 2434 1237 2498 Gallorum

283 2534 524 2611 consuetudine,
541 2548 578 2599 ut
593 2558 676 2620 quos
690 2534 826 2599 invitant
846 2535 887 2597 ad
912 2556 1053 2598 mensam
1075 2534 1239 2598 dimittant

285 2658 367 2723 saepe
390 2636 522 2713 sobrios,
539 2659 703 2722 nunquam
728 2638 839 2702 siccos.
886 2637 968 2699 Haec
989 2636 1142 2701 hactenus
1160 2658 1239 2722 qua-

285 2736 357 2803 liter
379 2736 433 2802 ille
454 2738 525 2804 vilis
551 2751 698 2824 apostata
722 2737 885 2801 Radulfus
912 2736 1086 2818 vobiscum,
1108 2750 1139 2800 et
1166 2759 1240 2801 cum

285 2839 385 2908 fratre
401 2837 528 2904 Thoma
542 2840 652 2923 egerit,
670 2864 719 2903 me
734 2840 795 2903 alia
811 2838 882 2903 vice
897 2838 988 2902 vobis
1003 2838 1162 2922 scripsisse
1178 2860 1241 2900 me-

285 2941 375 3017 mini,
391 2940 446 3004 sed
462 2939 667 3027 postmodum
684 2940 768 3004 idem
793 2937 955 3004 Radull'us
969 2939 1011 3002 ob
1031 2937 1091 3000 hoc
1114 2936 1241 3022 publice

284 3043 576 3108 excommunicatus
605 3056 664 3122 est,
689 3045 864 3129 jussusque
893 3039 1118 3125 comprehendi
1142 3039 1168 3102 si
1194 3038 1242 3101 in·

284 3145 384 3209 veniri
400 3158 517 3231 posset.
562 3144 699 3211 Litteras
716 3157 835 3208 vestras
851 3166 901 3206 me
917 3154 1083 3229 praesente,
1099 3154 1130 3205 et
1146 3142 1243 3205 inter-

285 3257 433 3332 pretante
454 3243 587 3311 tradidit
609 3246 707 3310 frater
730 3245 873 3309 Thomas
894 3244 1001 3308 comiti
1022 3244 1165 3329 Hugoni,
1188 3245 1244 3309 sed
1335 3234 1342 3245 ⁶

287 3368 350 3410 non
383 3346 518 3431 proiecit
548 3347 733 3432 quicquam,
759 3368 797 3409 eo
824 3346 911 3432 quod
939 3369 972 3411 se
999 3347 1097 3410 totius
1124 3347 1243 3432 negotii

287 3471 392 3513 eomes
406 3451 553 3534 ignarum
569 3472 636 3512 esse
651 3448 788 3512 dicebat.
832 3452 980 3513 Moratus
995 3461 1041 3512 est
1062 3448 1125 3513 huc
1142 3456 1244 3535 usquc

288 3552 451 3616 nobiscum
473 3552 573 3615 frater
594 3550 749 3630 Thomas,
764 3563 796 3613 et
817 3550 900 3613 circa
920 3573 987 3631 nos,
1007 3574 1108 3637 quum
1125 3574 1243 3637 praece·

288 3653 398 3738 peritis
424 3675 621 3718 reversurus.
669 3652 730 3716 Sed
757 3655 835 3738 quia
861 3653 1014 3716 neminem
1037 3667 1244 3739 cognatorum

288 3755 369 3820 vidit
398 3754 517 3830 adhuc,
544 3778 597 3819 eos
627 3754 653 3817 si
684 3754 787 3840 placet
818 3768 922 3817 vestra
952 3754 1078 3819 licentia
1103 3757 1246 3820 visitabit

289 3870 459 3943 antequam
492 3856 611 3922 redeat.
658 3856 731 3939 Ego
757 3865 865 3918 autem
889 3853 1045 3918 famulum
1072 3853 1190 3933 invehi,
1214 3878 1249 3935 et

289 3957 433 4023 iacienda
459 3958 641 4042 praescribo.
687 3956 742 4019 Ad
770 3956 838 4020 haec
869 3977 991 4041 precor,
1019 3971 1055 4022 ut
1087 3958 1247 4023 Thomam

290 4072 445 4134 nostrum,
469 4058 526 4143 qui
549 4057 605 4121 diu
630 4058 808 4130 vobiscum,
831 4071 862 4121 et
886 4080 945 4143 pro
969 4058 1058 4122 vobis
1080 4056 1248 4138 laboravit,

291 4162 370 4228 sicut
397 4184 462 4246 ego
483 4161 627 4225 conscius
649 4181 732 4236 sum,
755 4159 1011 4224 commendatum
1039 4160 1191 4241 habeatis,
1212 4176 1249 4227 ut

290 4275 350 4326 tam
366 4263 440 4349 ipse
457 4282 554 4344 quam
570 4259 624 4322 alii
641 4258 783 4345 Anglici,
799 4259 877 4323 dum
894 4259 1041 4323 honestas
1059 4260 1249 4345 permiserit,

289 4384 397 4448 preces
421 4382 509 4425 meas
532 4360 592 4425 sibi
616 4360 752 4426 sentiant
777 4358 941 4443 proluisse.
988 4359 1146 4422 ,Iacobum
1172 4380 1251 4442 quo-
