3034 5500
221 726 286 785 ent
490 731 626 780 ioannis
641 729 926 780 samsuenrnssrs
1092 708 1135 794 [a
1155 729 1182 778 n.

222 888 374 953 lescentia
396 887 507 969 ipsius,
530 907 602 970 quae
627 883 772 948 nondum
803 896 886 962 erat,
912 889 1124 970 sperabatur3
1153 897 1182 949 et

226 987 313 1074 quod
328 987 368 1049 de
383 1007 466 1069 pace
480 985 563 1048 inter
583 987 690 1070 ipsum
713 996 748 1049 et
767 1007 876 1067 regem
891 987 1101 1051 reformanda
1114 1007 1182 1051 con·

226 1099 367 1165 venerat,
390 1102 423 1150 ct
440 1087 480 1150 do
502 1108 552 1150 me
574 1087 820 1150 reconciliando
842 1089 971 1151 mentio
991 1090 1107 1153 habita
1124 1101 1185 1153 est:

225 1201 257 1254 et
277 1191 309 1251 in
331 1189 417 1250 hunc
437 1188 569 1250 modum
590 1189 695 1272 plura,
717 1189 750 1251 iu
776 1189 899 1270 quibus
922 1191 1033 1254 amico
1053 1192 1185 1272 gessistis

225 1309 356 1354 morem.
387 1288 537 1350 Latorem
551 1289 757 1371 praesentium
775 1288 817 1350 ad
835 1311 894 1351 vos
910 1313 1019 1375 usqne
1034 1291 1184 1354 transmisi

226 1403 263 1455 ut
285 1411 324 1453 co
345 1390 554 1452 intermeante
576 1411 628 1451 me
650 1389 689 1452 dc
713 1388 890 1473 praedictis,
915 1402 951 1453 et
972 1394 1185 1476 caeterisquae

228 1504 345 1556 statum
362 1504 499 1554 restrum
515 1493 715 1572 contingunt,
730 1501 786 1553 aut
801 1492 986 1575 publicum,
1000 1515 1060 1576 por
1073 1496 1185 1557 litteras

230 1605 352 1657 restras
374 1594 401 1656 si
424 1594 532 1676 placet
553 1592 694 1656 reddatis
715 1595 897 1656 certiorem.
954 1595 1185 1677 obtemperans

232 1706 338 1758 nutem
359 1706 463 1758 restro
490 1694 637 1770 consilio,
656 1693 696 1757 ‹le
717 1693 878 1757 industria
904 1697 1006 1759 talem
1030 1696 1114 1767 misi,
1136 1697 1185 1779 qni

231 1796 313 1860 nulli
335 1796 376 1857 sit
397 1794 483 1878 apud
499 1816 565 1873 ros,
585 1806 640 1858 aut
660 1794 774 1878 paucis
794 1806 903 1873 notus,
919 1806 954 1858 et
968 1796 1052 1858 mihi
1067 1809 1099 1859 et
1112 1797 1186 1859 meis

230 1897 264 1958 in
280 1895 431 1959 omnibus
451 1894 555 1958 fidelis
576 1895 723 1958 inventus
745 1906 802 1958 est
849 1894 1042 1978 Injunctum
1065 1908 1114 1960 est
1135 1897 1185 1974 illi,

231 2008 268 2059 ut
296 1994 384 2077 apud
414 1994 579 2057 dominnm
609 1995 798 2077 episcopum
830 2006 921 2074 gerat
950 1997 1119 2077 negotium
1141 1997 1184 2060 tt.

232 2095 354 2159 Galteri
383 2096 492 2157 clerici
518 2095 641 2157 domini
666 2095 849 2173 Remensis,
875 2116 936 2178 pro
963 2096 1185 2181 recuperandis

229 2195 321 2257 libris
351 2215 433 2277 quos
462 2194 546 2256 idern
575 2195 737 2259 Waltetus
766 2196 928 2277 Magistro
955 2197 1055 2260 Petro
1086 2199 1184 2262 Helio

230 2295 520 2359 commendaverat.
566 2296 617 2358 De
640 2297 758 2377 quibus
776 2297 947 2360 vobiscum
967 2299 1099 2363 locutus
1119 2321 1183 2362 sum

230 2395 316 2481 apud
346 2394 557 2477 Andegarim‚
583 2407 615 2459 et
640 2398 918 2461 commonitorium
944 2397 1034 2462 dedi.
1079 2402 1183 2485 Ipsum

228 2499 336 2581 itaque
348 2507 500 2581 tanquam
511 2519 646 2581 puerum
662 2498 703 2562 de
718 2498 815 2562 domo
829 2499 1004 2563 Remensis
1015 2502 1183 2586 archiepis·

231 2600 303 2684 copi
328 2610 462 2663 tractare
484 2599 641 2683 poteritis,
662 2610 698 2662 ut
723 2611 851 2683 tempus
878 2613 1051 2683 exposcet,
1075 2604 1131 2667 sed
1152 2612 1185 2667 ut

232 2701 298 2767 cito
312 2701 499 2777 remittatur,
508 2701 612 2783 exigit
626 2700 789 2764 continuae
801 2701 1032 2767 sollicitudinis
1044 2706 1184 2770 stimulus

233 2804 348 2867 arrimoe
364 2825 443 2867 meae
459 2804 597 2887 quietem
620 2804 793 2884 denegans,
809 2805 912 2868 donec
933 2806 1060 2890 aliquid
1075 2810 1184 2873 certius

233 2904 274 2967 de
303 2905 477 2990 promissis
502 2924 685 2985 agnoscam.
731 2903 764 2965 Si
793 2925 879 2979 sero,
903 2906 993 2989 qnod
1017 2909 1184 2991 plurimum

233 3004 392 3081 desidero,
417 3005 458 3067 ad
482 3006 634 3067 honorem
659 3006 721 3068 Dei
742 3017 776 3068 et
794 3008 941 3070 ecclesian
965 3028 1034 3090 pax
1059 3009 1184 3072 domino

233 3107 387 3191 episcopo
407 3107 573 3168 reformata
593 3115 691 3168 estet
713 3107 883 3189 completa,
904 3129 980 3191 quic
999 3112 1183 3193 sperabatur

231 3207 407 3289 implenda,
421 3208 557 3291 qualiter
571 3206 603 3268 in
627 3207 785 3271 electione
802 3208 984 3291 juratorum
999 3232 1181 3294 processum

232 3306 284 3381 sit,
296 3320 328 3368 ct
342 3306 375 3368 in
388 3308 505 3393 quibus
517 3306 634 3369 finibus
649 3327 747 3371 causa
762 3309 896 3384 steterit,
906 3310 987 3372 mihi
1003 3308 1183 3393 diligentius

232 3410 466 3471 recurrentibus
481 3409 594 3472 litteris
609 3410 721 3472 vestris
737 3411 865 3491 placeat
879 3411 1075 3488 significare.
1105 3414 1183 3477 Nam

232 3508 311 3592 qnid
326 3507 495 3586 timuerim,
510 3510 608 3572 immo
629 3510 706 3593 qnid
728 3509 868 3587 timeam,
888 3512 923 3573 in
942 3514 1096 3576 omnibns
1115 3514 1184 3577 arti·

233 3606 316 3672 culis
339 3609 455 3672 oblata)
479 3608 675 3671 conditionis
697 3610 902 3694 perspicuum
925 3612 986 3676 erit
1000 3634 1044 3677 cx
1059 3613 1180 3685 litteris,

233 3730 314 3795 qnas
329 3708 463 3773 domino
483 3710 639 3793 episcopo
658 3711 741 3773 misi.
786 3711 958 3775 Neminem
981 3727 1090 3778 tamen
1105 3715 1182 3779 arbi·

232 3822 298 3875 tror
326 3812 514 3895 sapientem,
546 3812 599 3893 qui
637 3810 822 3876 dissuadeat
860 3834 988 3897 pacem,
1018 3837 1092 3901 qnae
1119 3816 1183 3880 fieri

232 3927 337 3996 potest
352 3916 384 3977 iu
403 3914 553 3988 Domino,
568 3923 601 3975 et
615 3924 688 3977 ante
702 3913 894 3977 himerinum
909 3914 1009 3996 diem,
1025 3916 1182 3981 honestati

231 4035 295 4076 non
311 4015 456 4095 derogat:
473 4016 530 4078 liat
540 4015 662 4077 utinam
678 4036 744 4097 pax
759 4036 833 4080 cum
848 4016 951 4079 salute
967 4019 1181 4093 conscientia,

230 4124 262 4176 et
284 4115 466 4194 integritate
488 4119 580 4179 t'amoe
602 4116 634 4177 in
658 4115 776 4180 diebus
794 4119 923 4193 nostris,
948 4119 1007 4182 sed
1030 4141 1103 4205 qnae
1124 4140 1179 4183 uec

230 4214 425 4278 simulatoria
445 4217 487 4279 sit
505 4238 565 4282 nec
586 4231 820 4296 momentanea,
839 4217 955 4281 borum
978 4230 1089 4284 tamen
1107 4241 1180 4283 neu·

176 4350 187 4364 ·
229 4330 310 4383 trum
340 4317 373 4379 in
404 4318 495 4381 robis
525 4329 582 4380 est.
639 4320 723 4383 Num
755 4320 887 4383 alterum
919 4321 962 4380 ab
994 4321 1182 4394 adversario.
