3034 5500
287 737 488 817 ileu-64]
672 757 850 802 artsrons.
1175 750 1237 808 139

283 904 322 969 R.
338 929 476 991 quoque
492 905 532 969 de
550 907 659 969 Passu.
675 930 827 990 generum
844 909 1055 975 archidiaconi
1071 911 1112 974 ad
1129 911 1234 976 sedem

281 1006 491 1093 apostolicam
512 1010 819 1074 excommunicatum
842 1012 1074 1089 transmittatis,
1090 1037 1127 1076 eo
1146 1014 1235 1099 quod

281 1111 435 1174 instinctu
466 1109 585 1173 diaboli
615 1109 839 1194 presbyterum
874 1112 1042 1178 interfecit.
1103 1113 1236 1178 Noverit

281 1225 388 1274 autem
412 1209 655 1274 archidiaconus
670 1211 748 1295 quid
772 1234 844 1275 eum
861 1228 1085 1299 consequatur,
1108 1214 1133 1276 si
1155 1236 1235 1299 prae·

282 1311 369 1376 dicto
385 1311 541 1397 sacrilego
556 1312 788 1375 communicare
803 1335 899 1377 ausus
913 1328 972 1392 est,
983 1314 1060 1377 dum
1075 1338 1094 1378 a
1108 1313 1237 1400 partici-

280 1413 410 1496 patione
432 1412 502 1497 ejus
525 1411 685 1476 ecclesiam
706 1412 856 1477 abstinet.
903 1416 1111 1501 Praecipimus
1133 1429 1167 1480 ut
1188 1438 1238 1480 ec·

283 1513 411 1577 clesiam
440 1512 481 1576 de
502 1513 622 1597 Riuget
648 1536 720 1577 cum
745 1514 923 1579 ablatorum
948 1517 1130 1600 integritate
1157 1539 1238 1602 prae·

281 1615 444 1679 nominato
469 1614 643 1697 R[icardo]
670 1615 794 1679 restitui
817 1616 951 1679 faciatis.
1002 1616 1095 1693 Quod
1112 1618 1138 1680 si
1153 1617 1238 1682 Rad.

282 1727 455 1779 extraneus
485 1716 600 1780 nostris
631 1729 662 1780 et
694 1716 806 1779 vestris
831 1716 988 1780 mandatis
1011 1716 1140 1780 obedire
1165 1741 1238 1781 con-

283 1817 460 1904 tempserit,
477 1817 507 1880 in
525 1840 596 1881 eum
614 1817 814 1882 severitatem
831 1817 1047 1883 ecclesiasticae
1062 1818 1237 1906 discipliuoe

277 1941 425 1983 exercere
436 1942 499 1981 non
513 1919 677 1983 differatis.
723 1919 756 1983 Si
770 1932 876 1982 autem
893 1919 1044 1983 adversus
1061 1919 1233 1985 Ricardum

278 2021 402 2107 aliquid
425 2022 509 2106 juris
533 2022 592 2085 sibi
615 2034 795 2106 competere
819 2021 1000 2095 crediderit,
1023 2021 1103 2085 iilud
1130 2022 1235 2085 media
1258 2071 1260 2074 -

277 2128 443 2208 aequitate,
459 2124 514 2186 ubi
533 2124 656 2209 justum
675 2123 783 2197 suerit,
800 2124 1002 2208 postmodum
1018 2123 1136 2210 poterit
1152 2124 1234 2188 obti-

277 2245 361 2287 nere.

287 2531 527 2598 EPISTOLA
552 2531 782 2594 xuni-in
799 2550 998 2595 traorsrnum
1014 2551 1222 2596 caururnuu.

276 2686 388 2746 Antico
417 2692 450 2746 et
480 2692 616 2765 capituto
644 2705 701 2745 sito
732 2685 886 2764 irrupi-stro
919 2685 956 2744 G.
983 2705 1061 2744 situs
1089 2684 1232 2745 Jouirrree

421 2787 498 2850 Sur.
515 2788 664 2862 striatam,
679 2796 709 2847 et
725 2786 837 2868 siquid
851 2806 889 2846 eu
898 2786 1090 2866 jucundius.

319 2937 430 3013 Quum
458 2956 553 3019 saepe,
581 2934 682 2999 rarius
709 2947 813 2997 tamen
837 2953 933 3017 quam
959 2929 1082 3007 vellem,
1108 2928 1230 2994 litteras

277 3051 398 3101 vestras
425 3037 606 3123 receperim,
637 3035 798 3099 nullarum
826 3032 947 3118 gratior
972 3031 1034 3095 tuit
1063 3030 1232 3112 adventus,

276 3162 375 3225 quam
401 3139 527 3202 illarum
551 3162 626 3224 quae
649 3137 727 3201 mihi
752 3137 812 3200 sub
836 3135 1017 3198 domesticae
1043 3133 1232 3198 eruditionis

275 3241 468 3305 auctoritate
485 3240 702 3304 necessitatem
717 3238 858 3302 veritatis
869 3236 1063 3300 indixerunt.
1096 3235 1231 3300 Gaudeo

275 3366 416 3428 namque
438 3343 526 3426 quod
547 3342 587 3405 de
609 3341 757 3405 thesauro
780 3340 918 3404 scientim
933 3352 1046 3404 vestrae
1060 3360 1145 3402 nuuc
1162 3351 1230 3402 tan-

277 3446 348 3509 dem
375 3444 545 3530 probitatis
567 3443 761 3530 exemplum,
785 3443 871 3529 quod
895 3442 984 3506 vobis
1010 3441 1228 3518 reservabatis,

275 3565 306 3612 et
332 3547 412 3610 mihi
435 3548 702 3608 communicatum
728 3561 784 3608 est.
832 3548 948 3609 Potero
970 3544 1099 3629 quidem
1122 3544 1171 3606 his
1196 3557 1228 3608 et

274 3648 432 3711 similibus
453 3647 585 3709 animari
614 3646 653 3708 ad
679 3645 784 3724 sortia,
807 3660 838 3709 et
861 3644 1000 3708 Domino
1023 3643 1229 3728 provehente,

275 3749 315 3811 ad
343 3749 457 3811 altiora
487 3747 707 3823 conscendere,
738 3748 763 3810 si
795 3746 870 3809 mihi
901 3744 1132 3830 propitiationis
1162 3768 1228 3808 suae

275 3872 404 3913 manum
435 3855 626 3935 porrexerit,
657 3850 711 3935 qui
742 3849 869 3912 iliorum
897 3848 1064 3911 dumtaxat
1093 3868 1227 3931 operum

274 3952 369 4014 finem
394 3949 545 4025 illustrat,
561 3973 695 4034 quorum
721 3972 753 4013 se
776 3948 919 4012 meminit
938 3970 1004 4010 esse
1027 3945 1228 4031 principium.

276 4055 321 4116 Et
354 4053 427 4117 iicet
456 4052 543 4114 iltius
572 4050 681 4124 nostri,
711 4049 858 4136 quisquis
884 4048 992 4121 suerit,
1016 4047 1056 4110 sit
1081 4046 1228 4131 jucunda

275 4155 437 4226 memoria,
452 4168 485 4216 et
508 4152 662 4215 sententia
685 4151 857 4236 probabilis
874 4149 1030 4224 videatur,
1047 4162 1094 4211 est
1111 4162 1227 4221 tamen,

277 4270 313 4319 ut
337 4256 487 4329 arbitror,
512 4253 596 4317 unde
620 4255 746 4316 utoerori
771 4277 828 4316 suo
845 4256 966 4336 ¹poterit
982 4250 1055 4334 quis
1077 4247 1227 4310 exhibere

276 4356 436 4421 solatium.
484 4356 640 4437 Magnum
668 4354 813 4437 equidem
838 4365 883 4413 est
909 4351 1064 4413 honorum
1090 4343 1228 4407 feracibus
