3034 5500
256 758 320 820 286
519 763 655 810 ioannis
670 757 953 807 saassnnnisusrs
1119 743 1162 822 [a.
1177 760 1205 806 n.

258 921 475 990 Christianum
490 937 556 981 non
578 916 653 978 sinit
672 913 819 996 obligari,
833 923 870 976 ut
883 913 1017 978 scilicet
1030 914 1145 978 amodo
1162 914 1208 978 his

258 1044 339 1109 qnos
364 1019 470 1084 odisse
496 1014 683 1087 decreverit,
707 1014 902 1077 subtrahatis
928 1012 1051 1078 debitae
1077 1015 1208 1079 caritatis

257 1124 372 1203 officia,
384 1135 417 1186 et
429 1118 627 1204 impugnetis
642 1137 766 1195 omnes,
778 1117 893 1181 saltem
904 1138 969 1200 ope
985 1117 1126 1193 consilii,
1136 1137 1210 1202 qnos

259 1249 334 1292 suos
353 1222 471 1289 dixerit
493 1219 661 1284 inimicos:
692 1217 768 1282 etsi
791 1218 885 1281 aliter
908 1232 1043 1300 urgente
1067 1218 1211 1300 religione

259 1329 338 1393 fidei
363 1324 553 1391 Christianae
579 1320 696 1382 versati
722 1319 843 1382 fueritis
867 1339 944 1382 cum
970 1341 1022 1397 eo,
1048 1341 1117 1397 ros,
1134 1321 1213 1382 sicut

261 1440 382 1494 veteres
404 1425 538 1501 amicos,
552 1423 646 1485 beate
668 1421 846 1497 consuevit,
859 1431 972 1484 notam
997 1442 1066 1485 non
1088 1432 1212 1485 serrata

261 1529 426 1597 fidelitatis
436 1527 468 1590 in
480 1525 610 1590 auribus
620 1522 786 1586 nationum
797 1523 937 1586 tentabit
948 1522 1096 1587 inurere:
1119 1545 1140 1587 a
1152 1524 1213 1586 ouis

262 1652 392 1719 quoque
405 1627 537 1692 locustis
551 1623 803 1688 conclamabitur
822 1622 881 1697 illi,
897 1634 930 1686 ct
951 1646 1048 1688 ianm
1069 1627 1103 1688 in
1125 1646 1215 1690 coeno

264 1738 360 1808 fovet,
376 1751 447 1816 quoe
462 1729 555 1792 flatus
577 1727 627 1790 sui
648 1746 727 1809 pure
750 1724 877 1807 impuro
895 1746 1025 1790 omnem
1045 1727 1215 1792 incuntent

265 1835 489 1909 sinceritatem,
520 1840 553 1893 et
584 1828 837 1913 juramentorum
875 1827 1008 1892 fallacia
1046 1831 1217 1914 quemlibet

264 1941 391 2020 nigrum
405 1935 440 1998 in
459 1930 598 1995 candida
613 1939 742 1992 venant
788 1928 871 1992 Haec
894 1942 972 1993 sunt
993 1934 1141 1996 membra
1153 1954 1217 1996 car·

263 2041 352 2102 nium
368 2033 562 2099 cohaerentia
576 2032 650 2107 sibi,
664 2032 719 2095 ubi
738 2052 906 2115 squamma
926 2031 1075 2097 adhaeret
1095 2055 1214 2120 squam-

265 2161 336 2213 mae,
352 2147 442 2200 utne
459 2134 587 2218 spiritus
602 2132 731 2217 quidem
746 2132 875 2197 incedat
889 2155 948 2218 per
966 2156 1035 2212 eas,
1051 2136 1110 2200 sed
1131 2136 1218 2201 liceat

265 2241 312 2305 eis
327 2237 414 2323 quod
429 2235 586 2298 voluerint
600 2234 736 2318 opinari,
750 2247 784 2298 et
798 2244 834 2299 ut
851 2236 954 2319 quiin
971 2236 1123 2303 sordibus
1138 2249 1217 2311 sunt,

266 2341 452 2406 sordescant
474 2334 625 2418 amplius,
639 2336 872 2418 impudicitiam
895 2340 1013 2401 mentis
1034 2338 1218 2404 scurrilitate

267 2453 414 2527 gestuum
429 2450 463 2503 et
477 2438 540 2500 oris
554 2437 753 2521 turpiloquio
767 2449 1011 2521 praetextentur,
1022 2443 1102 2527 quia
1115 2442 1218 2507 Chris·

267 2546 354 2610 tiano
379 2540 498 2606 nedum
525 2538 683 2603 sacerdoti
713 2541 758 2602 nil
783 2540 907 2604 licitum
934 2553 996 2619 est,
1021 2565 1067 2607 ex
1092 2545 1218 2608 obtentu

269 2645 443 2721 fidelitatis,
458 2643 514 2705 ubi
529 2642 645 2705 caritas
666 2641 874 2725 periclitetur,
887 2665 959 2726 quae
980 2645 1045 2708 vita
1067 2644 1144 2710 fidei
1164 2660 1219 2721 est,

270 2765 303 2816 et
327 2770 461 2835 operum
486 2745 665 2809 testimonio
695 2744 882 2809 declaretur.
936 2747 1023 2811 Nam
1049 2747 1132 2813 fides
1156 2750 1219 2811 sine

270 2850 421 2937 operibus
434 2860 559 2913 monus
573 2858 629 2911 est.
674 2848 736 2911 Illa
756 2860 864 2911 tamen
880 2850 1061 2933 expressio,
1076 2872 1142 2935 qna
1161 2850 1220 2914 sibi

270 2969 304 3017 et
320 2952 501 3017 haeredibus
515 2949 581 3012 suis
595 2960 707 3012 contra
720 2970 832 3013 omnes
853 2952 1005 3014 mortales
1027 2947 1135 3017 caveri
1150 2953 1222 3028 rult,

272 3055 385 3143 quanti
406 3054 448 3116 sit
470 3050 557 3135 apud
578 3072 664 3129 eum,
684 3072 728 3114 ex
749 3051 863 3115 litteris
887 3052 1063 3118 Teutonici
1087 3055 1221 3138 tyranni,

272 3179 354 3243 quas
368 3155 455 3219 misit
470 3153 511 3218 ad
526 3154 676 3216 comitem
692 3152 871 3217 Henricum
882 3165 915 3217 et
929 3176 1012 3239 quas
1025 3158 1117 3221 vobis
1127 3169 1222 3222 trans

272 3257 440 3331 misissem,
451 3254 514 3318 nisi
528 3254 605 3338 quia
618 3253 697 3316 mihi
711 3254 828 3337 elapsae
843 3267 929 3335 sunt,
940 3255 1074 3322 domino
1086 3258 1223 3324 Cantus.

272 3358 368 3422 riensi
379 3357 583 3433 transmissae,
594 3355 799 3440 perspicuum
814 3371 870 3420 est
908 3359 995 3422 Nam
1010 3381 1113 3444 qunm
1126 3360 1151 3423 J
1152 3382 1224 3425 oan-

271 3480 331 3524 nes
352 3457 392 3520 de
416 3455 611 3521 Oxenesord
628 3456 757 3519 nomine
779 3457 864 3539 regis
886 3457 1071 3525 Teutonico
1093 3475 1224 3546 tyranno

273 3560 496 3644 conjuraturus
510 3570 606 3633 esset,
622 3571 654 3622 et
668 3579 763 3643 opem
783 3560 897 3622 anxilii
919 3571 954 3625 et
972 3564 1102 3628 consilii
1126 3584 1225 3628 sacra·

273 3674 383 3728 mento
408 3661 606 3745 promitteret
630 3669 742 3725 contra
768 3682 880 3725 omncs
905 3663 1065 3745 homines,
1091 3678 1226 3750 excepto

274 3768 344 3831 solo
364 3786 438 3848 rege
453 3763 658 3838 Francorum,
674 3762 719 3826 ait
733 3761 933 3826 Teutonicus
955 3785 1015 3849 per
1027 3767 1227 3851 interpretem

275 3890 381 3944 suum,
396 3866 480 3929 sicut
503 3874 694 3928 attestantur
718 3864 839 3947 magni,
858 3876 890 3927 et
912 3866 1019 3941 multi,
1035 3878 1070 3930 et
1092 3866 1226 3950 religiosi

275 3978 444 4040 nostrates,
456 3965 495 4027 de
506 3965 672 4047 provincia
683 3963 758 4028 dico
769 3964 996 4049 Remensi,qui
1007 3967 1227 4032 intertinernnt:

276 4069 457 4134 Bollandus
480 4067 582 4130 hostis
596 4067 745 4131 ecolesioe
768 4078 801 4130 et
823 4068 962 4150 imperii,
978 4068 1079 4134 homo
1103 4070 1229 4155 quidem

275 4183 325 4235 est
339 4170 491 4247 mortalis,
506 4180 538 4231 et
552 4189 666 4232 omnes
680 4169 859 4233 cardinales
873 4170 934 4241 sui,
950 4180 984 4233 et
997 4168 1111 4238 nullas
1124 4194 1228 4237 eornm

277 4295 332 4336 rex
357 4274 550 4335 Francorum
566 4281 634 4334 est:
673 4271 759 4334 unde
785 4271 908 4335 nullum
923 4292 1035 4337 eorum
1060 4287 1227 4360 exceptum

276 4372 420 4453 intelligo
435 4391 494 4434 nec
511 4372 583 4433 volo
598 4370 734 4453 intelligi
749 4373 782 4436 in
806 4371 867 4435 hac
883 4370 1147 4440 confederatione
1171 4374 1227 4439 mei
