3034 5500
285 720 483 801 net-66]
675 740 854 787 surerenas.
1174 733 1237 793 207

277 892 456 976 posuisset,
481 903 517 956 ut
544 913 660 969 renim,
685 891 825 968 domiue,
852 896 961 974 fatear,
987 897 1151 980 obstupui,
1177 920 1238 961 nec

278 995 436 1076 quaerenti
449 995 539 1076 potui
552 993 668 1057 habero
680 993 789 1070 fidem,
800 994 903 1060 donec
917 999 1128 1061 venerabilem
1138 999 1238 1061 virum

277 1091 503 1156 fidelissimum
528 1105 561 1158 et
584 1094 827 1157 devotissimum
851 1098 941 1160 robis
964 1099 1114 1161 abbatem
1137 1099 1239 1162 sancti

277 1194 422 1276 Remigii
431 1194 615 1273 adduceret,
625 1195 681 1279 qui
693 1206 725 1258 et
733 1196 820 1278 ipsas
832 1210 1024 1280 proponeret
1037 1201 1239 1284 quaestiones,

276 1305 310 1359 et
335 1295 377 1359 ad
403 1317 458 1360 eas
484 1319 558 1360 cum
585 1299 685 1360 multa
709 1319 839 1381 precum
865 1300 1025 1377 instantia,
1049 1323 1106 1384 pro
1130 1322 1237 1364 amore

277 1409 383 1462 vestro
403 1412 436 1462 ct
458 1421 528 1476 suo,
548 1411 670 1483 peteret
692 1399 889 1483 responderi,
909 1423 966 1485 pro
988 1414 1073 1466 certo
1096 1423 1238 1465 asserens

277 1500 372 1564 robis
387 1499 422 1562 in
435 1501 500 1563 vita
515 1500 595 1562 nihil
606 1521 677 1563 esse
690 1498 878 1582 jucundius
891 1522 986 1583 quam
1002 1523 1075 1563 cum
1089 1502 1237 1565 litteratis

277 1599 365 1676 viris,
389 1611 422 1663 et
443 1600 484 1663 de
506 1600 620 1663 litteris
642 1599 761 1664 habere
785 1621 973 1678 sermonem,
998 1600 1179 1685 adjecitque
1202 1603 1236 1664 in

278 1719 354 1762 aure
376 1699 579 1776 familiariter,
595 1719 650 1760 ros
670 1699 745 1761 inde
769 1699 943 1780 saepissime
959 1701 1113 1783 imperitae
1133 1702 1236 1764 multi-

276 1799 403 1865 tudinis
433 1803 587 1864 offensam
618 1801 817 1877 contrahere,
846 1800 922 1882 quia
952 1822 1008 1864 ros
1038 1822 1057 1864 a
1086 1801 1237 1865 studendi

277 1903 435 1966 exercitio
450 1915 615 1986 nequeunt
629 1922 789 1978 revocare,
801 1912 833 1964 ct
848 1922 906 1984 pro
922 1903 1052 1966 arbitrio
1064 1924 1123 1965 suo
1139 1924 1236 1985 nego-

276 2004 393 2067 tiorum
410 2016 442 2067 et
455 2006 647 2067 tumultuum
663 2004 814 2086 procellis
829 2004 1026 2085 immergere.
1055 2004 1236 2086 Opiuantur

276 2105 365 2168 enim
381 2127 476 2168 omne
492 2116 618 2188 tempus
634 2105 799 2168 effluxisse
814 2107 985 2188 superflue,
998 2104 1085 2189 qued
1101 2126 1165 2168 non
1182 2115 1237 2170 aut

277 2205 311 2269 in
328 2206 502 2270 curialibus
517 2206 622 2287 nugis,
638 2207 741 2270 autin
757 2208 979 2270 tumultuantis
1000 2207 1130 2270 malitiae
1147 2229 1235 2271 rora·

279 2307 366 2390 gine,
388 2324 443 2371 aut
467 2328 633 2371 causarum
658 2308 839 2372 turbinibus
861 2322 1037 2374 exercetur.
1077 2308 1237 2374 Nesciunt

283 2408 370 2494 quod
409 2410 614 2493 philosophia
642 2410 756 2492 paucis
791 2421 841 2473 est
875 2420 1028 2474 contenta
1057 2409 1237 2493 judicibus,

279 2511 442 2594 officiique
456 2510 506 2573 sui
522 2510 736 2575 sinceritatem
754 2511 876 2592 vulgari
891 2512 1022 2576 arbitrio
1038 2512 1236 2575 committere

281 2611 485 2691 dedignatur.

321 2713 409 2778 Mihi
431 2714 539 2798 itaque
563 2735 621 2797 pro
645 2714 736 2777 vebis
761 2714 967 2797 complacuit,
992 2721 1029 2777 ut
1054 2713 1235 2797 propositas

279 2817 465 2899 exciperem
481 2818 685 2900 questiones,
701 2826 733 2880 et
747 2819 805 2889 eis,
821 2817 933 2879 habita
947 2815 1070 2878 rabone
1083 2815 1236 2895 temporis

282 2925 315 2981 et
328 2914 559 2982 inevitabilium
583 2919 824 2996 necessitatum,
840 2915 1080 3000 responderem,
1095 2916 1154 2978 etsi
1172 2937 1236 2979 non

279 3039 338 3104 pro
354 3032 438 3097 roto,
450 3034 533 3084 certe
549 3042 606 3103 pre
618 3033 772 3105 tempore.
803 3020 983 3092 Quaesitum
997 3039 1070 3081 rero
1082 3028 1130 3081 est
1141 3038 1237 3100 quem

281 3121 412 3186 credam
424 3143 592 3185 numerum
603 3143 673 3186 esse
686 3123 839 3185 librorum
851 3121 976 3184 Veteris
988 3132 1020 3184 et
1031 3120 1115 3183 Nori
1125 3118 1239 3182 Testa·

282 3224 395 3297 menti,
411 3234 443 3286 et
461 3246 542 3308 quos
564 3235 711 3288 auctores
731 3245 851 3297 corum,
869 3223 947 3307 quid
969 3222 1190 3304 Hieronymus
1205 3222 1237 3284 in

280 3324 432 3408 Epistola
445 3324 485 3387 ad
505 3325 671 3388 Paulinum
687 3326 906 3407 presbyterum
924 3323 964 3386 de
986 3322 1134 3386 omnibus
1149 3322 1239 3385 libris

280 3426 396 3489 dirinae
415 3428 551 3508 pagellas
574 3426 736 3509 adscripta
759 3425 846 3488 dicat
867 3446 1009 3488 mensam
1032 3425 1109 3487 solis
1131 3445 1151 3486 a
1165 3424 1237 3507 phi·

280 3529 417 3613 losopho
437 3530 608 3611 Apollonio
633 3529 752 3591 litteras
778 3539 989 3611 persequente
1014 3528 1112 3590 risam
1136 3528 1169 3588 in
1194 3528 1238 3593 sa·

278 3631 374 3694 bulo:
399 3632 476 3714 quid
488 3633 565 3693 item
578 3631 704 3713 Virgilii
715 3643 881 3704 centonas,
892 3641 925 3693 et
934 3630 1071 3692 Homeri
1083 3640 1238 3693 centonas

279 3732 313 3795 in
332 3732 444 3796 eadem
467 3733 553 3796 dicet
571 3733 724 3816 epistola:
753 3744 915 3815 postremo
941 3731 995 3793 ubi
1015 3731 1167 3813 scriptum
1187 3732 1239 3803 sit,

281 3846 314 3897 et
328 3856 391 3918 quo
413 3835 533 3908 tendat,
551 3834 639 3918 quod
656 3835 783 3916 legitur,
799 3847 831 3896 et
849 3843 1030 3914 usurpatur,
1045 3854 1064 3894 a
1082 3833 1237 3914 plurimis,

284 3936 361 4017 quia
376 3935 576 3999 deiformiora
591 3948 666 3998 sunt
680 3956 718 3998 ea
734 3957 806 4019 qua
823 3955 887 3995 non
903 3945 987 4010 sunt,
1002 3954 1095 4017 quam
1112 3954 1150 3995 ea
1165 3955 1237 4016 quae

284 4047 376 4100 sunt:
410 4039 472 4101 hoc
503 4059 632 4121 quoque
659 4037 810 4119 precibus
838 4036 990 4098 insertum
1021 4046 1079 4107 est,
1106 4046 1142 4097 ut
1167 4035 1237 4097 haeo

283 4139 390 4202 omnia
401 4138 559 4202 rationum
576 4159 702 4200 suarum
719 4136 859 4199 subnixa
873 4134 1087 4197 fundamentis
1103 4135 1239 4197 sucurri-

283 4248 446 4323 tatumque
478 4239 666 4302 testimoniis
693 4238 863 4319 diligenter
893 4245 925 4299 et
952 4235 1018 4298 cito
1048 4236 1080 4297 in
1108 4234 1239 4296 scedula

284 4341 373 4404 robis
386 4341 637 4417 transmittenda,
650 4340 738 4402 omni
748 4339 917 4401 occasione
928 4337 1115 4419 postposita,
1127 4335 1236 4415 expla-
