3034 5500
280 751 388 832 1166.]
669 768 846 815 nrrsrosn.
1170 762 1228 820 251

282 1045 507 1114 EPISTOLA
532 1046 721 1112 CLX—sn
735 1065 816 1111 uso.
832 1067 927 1114 osnr.
945 1068 987 1113 na
1004 1069 1030 1114 s.
1047 1069 1221 1115 nnununo.

642 1151 688 1228 [s.
705 1169 737 1212 n.
757 1152 868 1228 1166.]

397 1298 559 1382 Maps'stro
575 1299 737 1382 Gausrido
751 1301 791 1362 dc
803 1309 915 1364 sancto
928 1301 1114 1366 Edmundo.

321 1432 471 1509 Pauoolt,
485 1431 761 1510 reverendissime,
777 1446 811 1495 ut
824 1433 1018 1497 innocentie
1033 1457 1113 1500 mere
1129 1449 1233 1520 patro-

279 1533 400 1597 cinium
425 1541 557 1616 praestes
582 1531 744 1610 adversus,
758 1534 807 1596 vel
833 1532 918 1617 apud
943 1533 1027 1610 illos,
1042 1534 1129 1618 apud
1153 1558 1234 1621 qnos

277 1635 350 1698 Deo
366 1643 444 1698 teste
464 1634 563 1716 gratis
584 1635 790 1718 periclitatur,
805 1645 837 1699 et
859 1635 945 1718 apud
970 1656 1052 1719 quos
1076 1637 1233 1720 meipsum

275 1755 372 1818 posse
403 1746 553 1819 praestare
592 1734 806 1819 patrocinium
836 1737 1091 1800 efficacissimum
1131 1739 1231 1802 confi·

276 1835 406 1914 dabam,
419 1847 452 1899 et
465 1835 571 1900 adhuc
586 1834 716 1921 quidem
732 1857 796 1899 non
814 1834 934 1915 diffido,
949 1836 976 1899 si
992 1850 1098 1901 tamen
1119 1839 1232 1903 amicis

277 1937 449 2001 nostriset
473 1935 612 2001 dominis
626 1938 744 2001 veritas
769 1938 951 2001 innotuerit·
996 1938 1104 2003 Causa
1126 1949 1232 2005 autem

276 2039 347 2102 haec
377 2050 437 2102 est.
495 2037 686 2121 suggestum
719 2050 769 2103 est
798 2038 930 2104 domino
961 2041 1170 2121 Norwicensi,
1197 2052 1231 2106 et

278 2141 434 2223 Magistro
450 2141 586 2204 Nicoiao
603 2162 653 2204 rna
669 2162 689 2203 a
714 2141 851 2204 Senonis
865 2142 1030 2226 scripsisse
1053 2142 1231 2209 Benedicta

278 2242 318 2306 dc
331 2241 532 2324 Bedigeham
542 2242 664 2305 litteras
675 2240 828 2307 adversus
839 2243 994 2308 honorem
1005 2254 1037 2309 et
1051 2246 1232 2324 utilitatem,

276 2355 309 2408 et
333 2364 446 2428 pacem
472 2355 505 2407 et
529 2345 731 2409 securitatem
758 2366 877 2425 eorum,
904 2369 985 2431 quas
1009 2346 1140 2432 quidem
1166 2370 1231 2412 non

277 2466 403 2530 possem
426 2446 563 2510 scribere
587 2447 655 2509 sine
677 2445 848 2530 dispendio
872 2449 1080 2513 conscientiae
1104 2463 1137 2512 et
1158 2460 1231 2515 vota

278 2547 455 2630 proditoris.
500 2547 712 2631 Execriptum
727 2569 836 2611 earum
855 2549 934 2611 mihi
949 2551 1124 2613 transmisit
1139 2552 1232 2615 irater

278 2670 379 2728 meus,
404 2660 437 2712 et
461 2669 521 2730 ego
548 2649 672 2712 remitto
704 2650 772 2712 tibi.
826 2651 1001 2712 Dominum
1027 2652 1062 2714 in
1092 2652 1230 2717 animam

278 2773 380 2817 meam
398 2751 541 2837 judicem
558 2765 590 2815 et
611 2762 723 2815 testem
748 2752 875 2825 invoco,
892 2753 968 2835 quia
990 2773 1051 2816 nec
1075 2775 1137 2834 ego
1160 2755 1233 2819 illas

278 2854 404 2937 scripsi,
427 2874 485 2916 nec
512 2864 560 2916 est
581 2852 615 2915 in
639 2852 841 2916 conscientia
865 2873 937 2916 mea
962 2853 1035 2934 quis
1060 2854 1231 2937 scripserit

277 2953 355 3020 Plus
381 2956 455 3019 dieo
484 2957 543 3018 sub
574 2953 687 3018 cadem
717 2953 916 3037 adjuratione
942 2953 1128 3028 testificans,
1155 2957 1232 3039 quia

277 3079 383 3144 neque
407 3057 615 3121 demandato
638 3056 746 3136 modo,
760 3076 866 3140 neque
890 3055 931 3119 de
956 3055 1152 3119 conscientia
1174 3069 1231 3121 aut

279 3160 452 3239 voluntate,
481 3168 536 3223 aut
563 3158 791 3223 ratihabitione
825 3169 992 3242 concepte
1021 3169 1076 3222 aut
1104 3158 1231 3243 scripte

279 3275 363 3328 sunt.
401 3262 515 3325 Adhuc
531 3261 668 3344 amplius
683 3260 805 3325 dicam:
822 3260 868 3323 ita
884 3260 973 3325 Deus
987 3258 1120 3324 reducat
1133 3282 1184 3325 me
1197 3262 1231 3325 in

280 3374 393 3429 terram
408 3361 586 3427 nativitatis
609 3382 701 3436 meoe,
716 3372 750 3424 et
774 3372 829 3426 tuo
845 3371 878 3425 et
900 3361 1032 3425 aliorum
1057 3363 1232 3428 amicorum

281 3463 440 3529 concedat
455 3463 515 3526 frui
531 3462 610 3539 risu,
622 3473 655 3525 et
669 3462 820 3546 alloquio,
835 3462 920 3525 sicut
934 3483 1109 3547 numquam
1123 3464 1156 3527 in
1169 3465 1235 3529 rita

278 3587 351 3631 mea
359 3566 428 3652 jam
443 3565 532 3629 dicto
548 3564 739 3643 Benedicto,
751 3576 787 3627 nt
797 3585 840 3627 ex
851 3565 1025 3629 certissima
1035 3568 1235 3631 conscientia

279 3672 406 3752 loquor,
420 3671 470 3732 rel
493 3666 570 3731 istas
585 3668 635 3730 vel
650 3668 730 3730 alias
751 3666 948 3730 meminerim
962 3666 1083 3731 litteras
1097 3668 1234 3731 misisse.

279 3770 407 3855 Adjicio
422 3768 465 3833 ad
479 3769 549 3833 haec
565 3769 640 3853 quia
655 3790 754 3852 quum
771 3767 863 3851 potui
874 3789 926 3830 me
938 3788 996 3851 pro
1011 3768 1148 3831 Nicolao
1158 3769 1233 3833 totis

280 3872 398 3935 viribus
414 3868 594 3935 Benedicto
610 3870 761 3954 opposui.
806 3870 870 3934 Sed
885 3873 1018 3933 sortasse
1036 3868 1234 3934 Benedictus

279 3972 349 4058 ipse
362 3994 413 4035 me
428 3973 601 4038 litterarum
617 3971 759 4036 laudavit
774 3982 947 4035 auctorem.
984 3971 1148 4056 Numquid
1164 3995 1232 4037 ver-

277 4078 321 4140 bo
337 4074 407 4158 ejus
430 4071 518 4136 credi
542 4072 665 4150 debuit,
680 4072 734 4155 qui
761 4072 844 4135 sicut
868 4070 947 4133 mihi
971 4069 1150 4134 adversario
1174 4095 1232 4137 suo

279 4177 413 4259 gratiam
435 4173 599 4238 detrahere
623 4173 746 4236 studuit
769 4174 954 4245 amicorum,
974 4172 1019 4236 ita
1042 4172 1106 4236 iliis
1127 4196 1232 4238 meum

280 4277 425 4343 subtrahi
441 4273 644 4339 desiderabat
658 4273 869 4359 obsequium?
904 4274 1022 4357 Utique
1042 4273 1157 4337 callide
1173 4275 1233 4338 cir-

279 4379 443 4443 cumvenit
469 4374 615 4440 credulos
641 4375 749 4439 hostes
777 4396 863 4451 suos,
890 4385 924 4437 ut
951 4374 1111 4437 literarum
1136 4375 1234 4438 salsus
