3034 5500
429 745 471 802 64
685 751 820 795 Josnnrs
837 750 1110 795 ssuusassnmnsrs
1291 735 1335 815 [r.
1352 754 1381 797 o.

431 925 631 993 nequaquam
648 904 742 968 timos
764 902 822 967 tibi
838 913 893 965 aut
915 899 1044 965 exilium
1061 900 1243 977 imminere,
1258 912 1315 966 aut
1331 924 1383 967 ne·

430 1006 607 1071 cessitatem
634 1003 793 1090 piaculare
823 1003 978 1087 flagitium
1004 1003 1238 1067 committendi.
1286 1005 1381 1089 Degis

429 1109 516 1174 enim
538 1108 597 1173 sub
619 1107 774 1194 principe,
788 1108 878 1190 cujus
900 1105 1054 1169 memoria
1074 1105 1106 1168 in
1124 1104 1330 1190 jucunditate
1351 1119 1381 1171 et

429 1209 651 1274 benedictione
674 1220 731 1272 est.
758 1209 826 1272 Nos
841 1217 950 1270 autem
969 1206 1120 1271 timemus
1134 1230 1231 1294 supra
1252 1207 1379 1272 modum

429 1334 470 1376 ne
494 1312 689 1379 Teutonicus
713 1311 886 1395 imperator
911 1309 1138 1374 circumveniat
1162 1308 1381 1374 fraudulentiis

429 1415 503 1497 suis,
522 1428 556 1479 et
580 1414 743 1479 subvertat
768 1412 970 1476 serenitatem
997 1411 1147 1499 principis
1173 1413 1284 1493 nostri,
1305 1411 1379 1476 mibi

427 1532 494 1582 tam
509 1539 622 1604 pamm
636 1516 762 1580 videtur
776 1514 893 1579 habere
908 1514 1115 1612 diseretionjs‚
1131 1536 1230 1602 quem
1246 1537 1380 1579 eonven-

428 1619 518 1683 tiouli
534 1616 698 1703 Pupiensis
714 1615 919 1702 praesumptio
934 1629 1050 1691 movet,
1066 1615 1126 1679 nisi
1141 1626 1178 1680 ut
1194 1615 1377 1694 Alexandri,

428 1720 538 1808 siquis
557 1719 598 1783 de
613 1741 651 1782 ea
671 1717 807 1792 dubitet,
823 1714 947 1796 electio,
961 1716 1056 1780 etiam
1076 1717 1174 1803 partis
1189 1715 1379 1781 adversantia

427 1821 610 1887 testimonio
636 1820 811 1884 roboretur.
860 1818 907 1881 Ut
935 1817 1020 1881 enirn
1053 1819 1268 1883 temeritatem
1297 1818 1377 1883 illius

426 1935 626 2007 praeteream,
656 1919 711 2005 qui
749 1919 927 1983 Romanam
963 1918 1141 1997 ecclesiam,
1176 1942 1253 2007 quoe
1287 1920 1378 1985 solius

428 2020 559 2087 Domini
580 2031 757 2084 reservatur
778 2018 927 2096 examini,
945 2019 1090 2104 judicare
1113 2021 1327 2108 praesumpsit,
1347 2033 1377 2085 et

428 2145 502 2188 eum
528 2122 583 2210 qui
606 2121 709 2186 fuerat
731 2124 1035 2205 excommunicatus,
1059 2123 1141 2189 sicut
1167 2125 1374 2190 cardinalium

424 2225 544 2290 indicat
562 2224 759 2288 inhonoratio
783 2223 960 2304 Bisuntina‚
975 2226 1080 2291 edicto
1099 2227 1316 2314 peremptorio
1336 2227 1377 2291 ci·

424 2325 502 2391 tavit
523 2324 751 2410 adjudicium,
773 2338 807 2389 et
828 2326 1036 2412 praejudiciali
1061 2330 1221 2394 sententie
1243 2329 1376 2394 altemm

424 2428 539 2493 veteris
560 2426 664 2504 officii,
683 2442 717 2492 et
738 2428 901 2513 dignitatis
921 2429 1061 2510 nomine,
1078 2430 1216 2496 alterum
1238 2432 1376 2518 appella·

422 2531 509 2596 tione
522 2530 659 2596 Romani
670 2530 828 2615 pontificis
839 2531 997 2608 salutavit,
1008 2534 1206 2600 senatoribus
1217 2549 1252 2599 et
1263 2535 1376 2621 populo

422 2634 537 2700 favoris
551 2633 598 2698 sui
620 2633 763 2698 revelans
777 2655 910 2698 arcana:
937 2634 1093 2723 quidquid
1113 2636 1222 2723 Papioe
1239 2653 1373 2723 gestum,

422 2750 471 2804 est
489 2751 554 2804 tam
576 2737 731 2826 aequitati,
747 2760 843 2826 quam
867 2737 1018 2823 legitimis
1039 2740 1327 2819 constitutionibus,
1343 2753 1375 2805 et

421 2842 636 2908 sanctionibus
651 2854 777 2928 patmm
793 2841 953 2906 invenitur
966 2843 1144 2909 adversum.
1176 2845 1307 2931 Quippe
1321 2844 1375 2910 ab·

420 2960 527 3012 sentes
546 2945 749 3012 condemnati
771 2956 855 3026 sunt,
870 2956 904 3009 et
925 2946 958 3009 in
980 2968 1075 3010 causa
1095 2968 1158 3010 nou
1182 2948 1372 3024 examinata,

420 3048 486 3113 imo
501 3049 605 3134 potius
617 3070 679 3111 non
695 3047 750 3123 ibi,
763 3070 826 3111 uon
843 3048 897 3125 sio,
911 3071 973 3112 non
986 3072 1004 3113 a
1019 3048 1137 3114 talibus
1150 3050 1370 3126 examinanda,

420 3149 674 3235 impudenter,et
683 3149 912 3233 imprudenter,
922 3165 955 3216 et
964 3152 1111 3239 nequiter
1119 3164 1167 3217 est
1176 3153 1372 3240 praecipitata

419 3250 586 3316 sententia.

463 3352 527 3419 Sed
554 3351 634 3417 forte
660 3353 864 3421 absentantes
887 3382 983 3445 quarn
1010 3359 1156 3424 absentes
1182 3360 1289 3446 potius
1306 3358 1370 3425 'diei

418 3452 531 3539 placet.
556 3458 630 3520 Hoc
651 3454 746 3540 plane
769 3457 817 3522 bis
838 3460 893 3546 qui
909 3473 1027 3525 sauctae
1050 3460 1208 3524 Romame
1228 3461 1370 3527 eeclesias

415 3552 615 3639 privilegium
625 3573 681 3620 aut
690 3557 848 3641 ignorant,
857 3573 914 3624 aut
922 3561 1133 3628 dissimulant.
1148 3562 1370 3628 Universalem

417 3654 584 3721 eeclesiam
600 3657 670 3744 quis
692 3661 890 3744 particularis
904 3663 1047 3727 eeclesiae
1070 3664 1207 3749 subjecit
1223 3664 1369 3749 judicio?

416 3757 487 3845 quis
495 3758 685 3825 Teutonicos
695 3762 858 3827 constituit
862 3764 988 3848 judiees
998 3765 1185 3831 nationum?
1199 3768 1281 3844 Quis
1290 3768 1369 3833 hano

417 3861 517 3926 brutis
531 3874 564 3925 et
584 3860 768 3948 impetuosis
783 3864 965 3929 hominibus
984 3868 1207 3933 auctoritatem
1223 3870 1366 3947 contulit,

414 3976 452 4028 ut
462 3986 519 4050 pro
529 3962 659 4029 arbitrio
670 3965 847 4051 principem
859 3980 1000 4032 statuant
1009 3992 1105 4055 super
1115 3971 1222 4057 capita
1230 3971 1365 4037 filiorum

415 4066 605 4132 bominum?
634 4071 679 4132 Et
702 4067 833 4154 quidem
859 4069 919 4134 hoe
945 4070 1032 4136 furor
1055 4094 1167 4136 eorum
1193 4074 1364 4161 saepissime

413 4169 591 4244 attentavit,
613 4170 670 4233 sed
691 4183 820 4234 auctore
842 4173 981 4238 Domino
1000 4174 1117 4240 totiens
1139 4189 1315 4261 prostratus
1332 4188 1363 4240 et

412 4270 561 4336 confusus
575 4293 670 4356 super
688 4272 856 4359 iniquitate
871 4297 928 4339 sua
948 4277 1086 4342 erubuit.
1121 4277 1187 4345 Sed
1206 4280 1273 4344 scio
1286 4277 1361 4368 quid

413 4373 611 4438 Teutonicus
625 4374 782 4442 moliatur.
818 4376 914 4442 Eram
930 4380 1017 4444 enim
1036 4381 1160 4463 Romae,
1173 4381 1360 4467 proesidente
