3034 5500
301 755 363 812 204
565 766 700 811 tonnus
716 765 994 810 saansonruunsrs
1166 749 1210 824 [a.
1226 768 1253 810 o.

321 975 540 1038 EPISTOLA
564 973 789 1037 exuri-m
806 991 1005 1035 naorsraun
1023 991 1230 1036 neurarnmr

594 1094 682 1138 aovr.
733 1074 777 1152 [i.
796 1094 826 1136 o.
847 1075 954 1154 1165]

528 1212 686 1292 Mapistro
703 1209 877 1292 Hunsrido
893 1210 984 1272 Boni.

342 1341 367 1400 Α
395 1356 557 1400 saumuro
584 1335 792 1420 quaerendum
816 1357 887 1398 esse
910 1339 1099 1415 consilium,
1121 1340 1249 1422 scriptu·

298 1461 402 1503 rarum
418 1439 540 1502 monita
555 1439 684 1511 docent,
697 1451 728 1500 et
744 1437 842 1499 fidem
857 1439 1034 1500 amicorum
1050 1439 1084 1501 in
1100 1441 1250 1522 angustiis

301 1540 591 1625 comprobandam
618 1552 649 1602 et
675 1561 739 1623 qua
770 1539 841 1622 quis
863 1561 938 1620 erga
964 1540 1066 1602 alium
1094 1553 1251 1605 moveatur

298 1642 479 1720 affectione,
490 1642 642 1705 articulus
653 1640 852 1703 necessitatis
862 1642 1035 1703 examinat
1062 1643 1171 1714 Quum
1182 1664 1249 1706 tero

298 1745 521 1808 minusdubito
531 1742 955 1827 desapientiavestra,quam
963 1743 1140 1806 litterarum
1148 1745 1247 1826 copia,

298 1860 367 1911 tum
389 1868 491 1909 rerum
515 1846 712 1928 experientia
733 1846 950 1926 comparastis,
974 1859 1054 1918 tum,
1078 1846 1167 1929 quod
1188 1848 1249 1930 pri·

296 1970 385 2011 mum
401 1960 459 2024 est,
473 1947 659 2029 suscepistis
674 1967 715 2008 ex
739 1945 858 2025 gratim
888 1967 947 2007 nec
973 1944 1014 2008 de
1030 1967 1069 2009 ea
1092 1947 1180 2030 apud
1195 1969 1247 2010 vos

297 2070 392 2133 quam
418 2061 530 2109 natura
556 2059 587 2108 et
614 2048 710 2108 virtus
738 2058 840 2107 vestra
866 2048 976 2108 multis
1006 2049 1144 2129 probata
1173 2050 1246 2111 mihi

294 2151 497 2234 pollicentur,
513 2145 643 2209 caritate
667 2146 789 2210 diffide.
835 2148 917 2211 Inde
939 2162 988 2211 est
1011 2149 1102 2231 quod
1125 2152 1243 2213 avobis

294 2254 327 2315 in
342 2250 439 2333 hujus
454 2270 532 2310 meae
547 2248 746 2310 necessitatis
770 2248 904 2311 articulo
928 2250 1099 2311 consilium
1124 2261 1244 2332 petens,

293 2374 404 2438 precor
426 2349 588 2423 attentius,
610 2349 763 2430 quatinus
785 2350 864 2412 mihi
888 2371 945 2432 per
968 2352 1129 2427 nuntium,
1151 2372 1242 2433 quem

294 2454 334 2518 ad
363 2452 527 2516 dominum
557 2449 767 2512 Baioceusem
796 2450 909 2526 direxi,
935 2472 1033 2533 super
1062 2464 1147 2515 statu
1177 2473 1244 2515 meo

292 2553 486 2627 rescribatis,
499 2550 585 2635 quod
601 2551 690 2613 salva
704 2551 872 2615 honestate
888 2553 957 2614 sine
972 2574 1038 2635 qua
1052 2554 1134 2615 nihil
1149 2573 1241 2635 expe

292 2657 383 2719 diens
393 2655 536 2729 arbitror,
547 2651 686 2714 maxime
702 2653 863 2716 videbitur
876 2654 1041 2736 expedire.
1085 2656 1129 2718 Ut
1139 2667 1240 2717 autem

292 2760 333 2823 de
348 2757 482 2822 consilio
494 2754 601 2818 dando
615 2754 742 2835 plenius
753 2755 964 2831 instruamini,
976 2778 1075 2818 eausa
1090 2778 1164 2820 mea
1173 2757 1238 2818 bec

292 2871 349 2923 est.
843 2942 845 2945 Ι

332 2959 490 3024 Ecclesia
519 2970 551 3022 et
580 2958 822 3040 archiepiscopo
848 2958 1072 3023 cantuariensi
1104 2960 1237 3023 debitam

289 3063 411 3125 servavi
427 3058 533 3138 fidem,
548 3060 624 3122 etei
640 3060 694 3121 ubi
710 3059 838 3142 justitia
859 3074 891 3122 et
915 3060 1071 3124 modestia
1087 3061 1237 3124 videban-

288 3177 339 3228 tur
363 3162 485 3236 adesse,
507 3172 538 3223 et
563 3163 596 3223 in
624 3161 750 3243 Anglia,
777 3176 808 3223 et
832 3163 866 3223 in
892 3164 1036 3245 partibus
1062 3164 1236 3226 cismarinis

288 3264 424 3327 fideliter
438 3263 532 3326 astiti.
578 3264 690 3327 Sicubi
706 3285 779 3327 vero
793 3278 849 3326 aut
862 3266 1043 3328 exorbitare
1067 3289 1087 3329 a
1104 3266 1234 3350 justitia,

285 3377 339 3431 aut
361 3363 491 3426 modum
513 3362 669 3428 excedere
687 3365 862 3445 videbatur,
878 3367 979 3429 restiti
1001 3369 1032 3430 ei
1055 3369 1088 3430 in
1113 3370 1233 3432 faciem.

284 3471 410 3533 Horum
427 3466 505 3528 mihi
522 3468 611 3528 Deus
626 3469 716 3530 testis
731 3480 790 3544 est,
806 3481 838 3530 et
852 3470 1061 3541 conscientia,
1078 3483 1110 3532 et
1133 3468 1233 3543 amici,

283 3580 315 3633 et
337 3567 427 3643 socii,
449 3568 504 3649 qui
527 3568 696 3629 nobiscum
720 3568 832 3630 versati
858 3582 940 3630 suut.
988 3571 1026 3631 ln
1053 3570 1105 3633 his
1130 3581 1232 3633 autem

283 3671 432 3735 omnibus
455 3681 564 3732 contra
586 3667 739 3730 honorem
763 3671 895 3733 domiuo
919 3670 984 3750 regi
1007 3670 1165 3748 debitum,
1182 3680 1234 3732 aut

283 3775 464 3848 utilitatem,
493 3792 535 3832 ex
572 3769 737 3852 proposito
768 3771 848 3833 nihil
877 3772 951 3845 feci,
982 3771 1067 3834 sicut
1096 3773 1232 3835 dictante

276 3875 403 3961 justitia
419 3873 535 3936 docere
547 3884 674 3955 paratus
686 3893 768 3949 sum,
778 3873 804 3934 si
816 3874 953 3936 liberum
966 3887 999 3936 et
1009 3886 1115 3936 tutum
1127 3874 1232 3936 luerit:

281 3989 336 4039 aut
350 3977 377 4038 si
394 3976 426 4036 in
443 3975 550 4057 aliquo
565 3974 723 4036 invenirer
737 3976 910 4053 obnoxius,
925 3974 1089 4053 condigne
1111 3989 1143 4038 et
1165 3975 1230 4037 aui·

280 4099 332 4140 mo
347 4076 461 4138 libenti
480 4076 681 4137 satisfaciam.
727 4077 911 4139 Tractatum
934 4089 983 4138 est
1004 4076 1066 4138 hoc
1084 4097 1169 4139 anno
1191 4074 1228 4137 de

279 4200 358 4262 paee
382 4199 464 4251 mea,
487 4188 519 4239 et
544 4180 708 4238 obtentum
732 4190 781 4240 est
806 4201 825 4241 a
849 4200 935 4259 rege,
957 4189 992 4240 ut
1018 4178 1096 4239 mihi
1122 4179 1227 4241 liceret

276 4278 389 4351 redire,
416 4278 442 4340 si
468 4278 559 4340 tactis
585 4278 703 4339 sanctis
723 4277 832 4360 jurare
857 4280 981 4354 vellem,
1003 4275 1091 4360 quod
1118 4289 1225 4339 contra

275 4378 428 4441 honoreru
453 4378 500 4439 vel
524 4376 693 4439 utilitatem
716 4377 787 4459 ejus
809 4399 873 4440 non
892 4377 1006 4439 fuerim
1026 4378 1061 4439 in
1082 4376 1222 4460 partibus
