<?xml version="1.0" encoding="UTF-8"?>
<!DOCTYPE html PUBLIC "-//W3C//DTD XHTML 1.0 Transitional//EN"
    "http://www.w3.org/TR/xhtml1/DTD/xhtml1-transitional.dtd">
<html xmlns="http://www.w3.org/1999/xhtml" xml:lang="en" lang="en">
 <head>
  <title>
</title>
<meta http-equiv="Content-Type" content="text/html;charset=utf-8" />
  <meta name='ocr-system' content='tesseract 3.04.00' />
  <meta name='ocr-capabilities' content='ocr_page ocr_carea ocr_par ocr_line ocrx_word'/>
</head>
<body>
  <div class='ocr_page' id='page_1' title='image "./joannissaresber16johngoog_0136.png"; bbox 0 0 3034 5500; ppageno 0'>
   <div class='ocr_carea' id='block_1_1' title="bbox 429 743 1371 822">
    <p class='ocr_par' dir='ltr' id='par_1_1' title="bbox 429 743 1371 822">
     <span class='ocr_line' id='line_1_1' title="bbox 429 743 1371 822; baseline -0.004 -10"><span class='ocrx_word' id='word_1_1' title='bbox 429 755 488 812; x_wconf 81' lang='grc'><strong>114</strong></span> <span class='ocrx_word' id='word_1_2' title='bbox 676 767 812 811; x_wconf 73' lang='lat' dir='ltr'><strong>ressais</strong></span> <span class='ocrx_word' id='word_1_3' title='bbox 829 763 1109 809; x_wconf 75' lang='lat' dir='ltr'><strong>sruasaaaraasrs</strong></span> <span class='ocrx_word' id='word_1_4' title='bbox 1287 743 1329 822; x_wconf 79' lang='lat' dir='ltr'><strong>[a.</strong></span> <span class='ocrx_word' id='word_1_5' title='bbox 1346 765 1371 808; x_wconf 88' lang='lat' dir='ltr'><strong>o.</strong></span> 
     </span>
    </p>
   </div>
   <div class='ocr_carea' id='block_1_2' title="bbox 421 911 1374 1510">
    <p class='ocr_par' dir='ltr' id='par_1_2' title="bbox 421 911 1374 1510">
     <span class='ocr_line' id='line_1_2' title="bbox 424 911 1370 998; baseline -0.01 -16"><span class='ocrx_word' id='word_1_6' title='bbox 424 931 519 991; x_wconf 88' lang='lat' dir='ltr'><strong>tures,</strong></span> <span class='ocrx_word' id='word_1_7' title='bbox 549 929 580 980; x_wconf 93' lang='lat' dir='ltr'><strong>et</strong></span> <span class='ocrx_word' id='word_1_8' title='bbox 621 916 692 979; x_wconf 89' lang='lat' dir='ltr'><strong>licet</strong></span> <span class='ocrx_word' id='word_1_9' title='bbox 726 916 962 998; x_wconf 81' lang='lat' dir='ltr'><strong>Mandrogerus</strong></span> <span class='ocrx_word' id='word_1_10' title='bbox 990 912 1154 996; x_wconf 78' lang='lat' dir='ltr'>grunniat,</span> <span class='ocrx_word' id='word_1_11' title='bbox 1186 911 1370 975; x_wconf 78' lang='lat' dir='ltr'><strong>Trimalchio</strong></span> 
     </span>
     <span class='ocr_line' id='line_1_3' title="bbox 422 1013 1371 1097; baseline -0.007 -14"><span class='ocrx_word' id='word_1_12' title='bbox 422 1018 609 1097; x_wconf 84' lang='lat' dir='ltr'><strong>intabescat,</strong></span> <span class='ocrx_word' id='word_1_13' title='bbox 623 1018 723 1081; x_wconf 88' lang='lat' dir='ltr'><strong>rideat</strong></span> <span class='ocrx_word' id='word_1_14' title='bbox 742 1020 900 1095; x_wconf 86' lang='lat' dir='ltr'><strong>Bromius,</strong></span> <span class='ocrx_word' id='word_1_15' title='bbox 915 1029 947 1078; x_wconf 92' lang='lat' dir='ltr'><strong>et</strong></span> <span class='ocrx_word' id='word_1_16' title='bbox 964 1014 1210 1078; x_wconf 80' lang='lat' dir='ltr'><strong>Mercurialium</strong></span> <span class='ocrx_word' id='word_1_17' title='bbox 1232 1013 1371 1076; x_wconf 87' lang='lat' dir='ltr'><strong>clientum</strong></span> 
     </span>
     <span class='ocr_line' id='line_1_4' title="bbox 422 1114 1374 1204; baseline -0.006 -22"><span class='ocrx_word' id='word_1_18' title='bbox 422 1131 525 1182; x_wconf 88' lang='lat' dir='ltr'><strong>coetus</strong></span> <span class='ocrx_word' id='word_1_19' title='bbox 536 1119 613 1182; x_wconf 89' lang='lat' dir='ltr'><strong>mihi</strong></span> <span class='ocrx_word' id='word_1_20' title='bbox 626 1130 793 1204; x_wconf 89' lang='lat' dir='ltr'><strong>patronum</strong></span> <span class='ocrx_word' id='word_1_21' title='bbox 808 1116 989 1189; x_wconf 87' lang='lat' dir='ltr'><strong>subtrahat,</strong></span> <span class='ocrx_word' id='word_1_22' title='bbox 1002 1114 1048 1177; x_wconf 81' lang='lat' dir='ltr'><strong>vel</strong></span> <span class='ocrx_word' id='word_1_23' title='bbox 1063 1114 1239 1199; x_wconf 85' lang='lat' dir='ltr'><strong>Corydone</strong></span> <span class='ocrx_word' id='word_1_24' title='bbox 1249 1114 1374 1199; x_wconf 87' lang='lat' dir='ltr'><strong>patroci-</strong></span> 
     </span>
     <span class='ocr_line' id='line_1_5' title="bbox 422 1214 1373 1306; baseline -0.007 -23"><span class='ocrx_word' id='word_1_25' title='bbox 422 1231 518 1283; x_wconf 85' lang='lat' dir='ltr'><strong>nante</strong></span> <span class='ocrx_word' id='word_1_26' title='bbox 540 1219 682 1306; x_wconf 87' lang='lat' dir='ltr'><strong>adjutns,</strong></span> <span class='ocrx_word' id='word_1_27' title='bbox 699 1241 761 1282; x_wconf 93' lang='lat' dir='ltr'><strong>non</strong></span> <span class='ocrx_word' id='word_1_28' title='bbox 783 1218 989 1300; x_wconf 79' lang='lat' dir='ltr'><strong>subterfugio</strong></span> <span class='ocrx_word' id='word_1_29' title='bbox 1010 1214 1201 1278; x_wconf 86' lang='lat' dir='ltr'><strong>venerabilis</strong></span> <span class='ocrx_word' id='word_1_30' title='bbox 1217 1215 1373 1279; x_wconf 87' lang='lat' dir='ltr'><strong>tribunalis</strong></span> 
     </span>
     <span class='ocr_line' id='line_1_6' title="bbox 421 1317 1372 1406; baseline -0.007 -21"><span class='ocrx_word' id='word_1_31' title='bbox 421 1345 565 1386; x_wconf 83' lang='lat' dir='ltr'><strong>examen.</strong></span> <span class='ocrx_word' id='word_1_32' title='bbox 597 1324 706 1384; x_wconf 87' lang='lat' dir='ltr'><strong>Tuum</strong></span> <span class='ocrx_word' id='word_1_33' title='bbox 721 1320 915 1406; x_wconf 83' lang='lat' dir='ltr'><strong>quandoque</strong></span> <span class='ocrx_word' id='word_1_34' title='bbox 926 1319 1085 1405; x_wconf 90' lang='lat' dir='ltr'><strong>judicium</strong></span> <span class='ocrx_word' id='word_1_35' title='bbox 1099 1339 1163 1380; x_wconf 91' lang='lat' dir='ltr'><strong>non</strong></span> <span class='ocrx_word' id='word_1_36' title='bbox 1180 1317 1372 1390; x_wconf 82' lang='lat' dir='ltr'><strong>declinarem,</strong></span> 
     </span>
     <span class='ocr_line' id='line_1_7' title="bbox 424 1418 1317 1510; baseline -0.006 -24"><span class='ocrx_word' id='word_1_37' title='bbox 424 1423 481 1509; x_wconf 92' lang='lat' dir='ltr'><strong>qui</strong></span> <span class='ocrx_word' id='word_1_38' title='bbox 496 1446 547 1487; x_wconf 91' lang='lat' dir='ltr'><strong>me</strong></span> <span class='ocrx_word' id='word_1_39' title='bbox 563 1424 757 1510; x_wconf 90' lang='lat' dir='ltr'><strong>quandoque</strong></span> <span class='ocrx_word' id='word_1_40' title='bbox 772 1423 938 1485; x_wconf 87' lang='lat' dir='ltr'><strong>amabilem</strong></span> <span class='ocrx_word' id='word_1_41' title='bbox 955 1418 1132 1493; x_wconf 87' lang='lat' dir='ltr'><strong>credidisti,</strong></span> <span class='ocrx_word' id='word_1_42' title='bbox 1148 1432 1182 1482; x_wconf 90' lang='lat' dir='ltr'><strong>et</strong></span> <span class='ocrx_word' id='word_1_43' title='bbox 1198 1439 1317 1497; x_wconf 86' lang='lat' dir='ltr'><strong>revera,</strong></span> 
     </span>
    </p>
   </div>
   <div class='ocr_carea' id='block_1_3' title="bbox 566 1543 1154 1615">
    <p class='ocr_par' dir='ltr' id='par_1_3' title="bbox 566 1543 1154 1615">
     <span class='ocr_line' id='line_1_8' title="bbox 566 1543 1154 1615; baseline -0.007 -17"><span class='ocrx_word' id='word_1_44' title='bbox 566 1547 657 1611; x_wconf 84' lang='lat' dir='ltr'><strong>Eram,</strong></span> <span class='ocrx_word' id='word_1_45' title='bbox 670 1549 712 1615; x_wconf 88' lang='lat' dir='ltr'><strong>(ut</strong></span> <span class='ocrx_word' id='word_1_46' title='bbox 725 1545 871 1607; x_wconf 87' lang='lat' dir='ltr'><strong>dicebatur)</strong></span> <span class='ocrx_word' id='word_1_47' title='bbox 884 1550 944 1595; x_wconf 84' lang='lat' dir='ltr'><strong>tunc</strong></span> <span class='ocrx_word' id='word_1_48' title='bbox 955 1543 1050 1610; x_wconf 73' lang='lat' dir='ltr'><strong>dignus</strong></span> <span class='ocrx_word' id='word_1_49' title='bbox 1062 1545 1154 1594; x_wconf 85' lang='lat' dir='ltr'><strong>amari.</strong></span> 
     </span>
    </p>
   </div>
   <div class='ocr_carea' id='block_1_4' title="bbox 424 1658 1381 3670">
    <p class='ocr_par' dir='ltr' id='par_1_4' title="bbox 424 1658 1377 2439">
     <span class='ocr_line' id='line_1_9' title="bbox 426 1658 1375 1745; baseline -0.004 -20"><span class='ocrx_word' id='word_1_50' title='bbox 426 1663 522 1740; x_wconf 73' lang='lat' dir='ltr'><strong>Quod</strong></span> <span class='ocrx_word' id='word_1_51' title='bbox 551 1675 658 1727; x_wconf 89' lang='lat' dir='ltr'><strong>autem</strong></span> <span class='ocrx_word' id='word_1_52' title='bbox 692 1684 778 1725; x_wconf 92' lang='lat' dir='ltr'><strong>nunc</strong></span> <span class='ocrx_word' id='word_1_53' title='bbox 807 1660 941 1738; x_wconf 88' lang='lat' dir='ltr'><strong>declino,</strong></span> <span class='ocrx_word' id='word_1_54' title='bbox 968 1660 1026 1724; x_wconf 90' lang='lat' dir='ltr'><strong>tibi</strong></span> <span class='ocrx_word' id='word_1_55' title='bbox 1060 1658 1301 1745; x_wconf 90' lang='lat' dir='ltr'><strong>imputandum,</strong></span> <span class='ocrx_word' id='word_1_56' title='bbox 1326 1660 1375 1745; x_wconf 92' lang='lat' dir='ltr'><strong>qui</strong></span> 
     </span>
     <span class='ocr_line' id='line_1_10' title="bbox 425 1758 1376 1848; baseline -0.007 -22"><span class='ocrx_word' id='word_1_57' title='bbox 425 1762 536 1827; x_wconf 78' lang='lat' dir='ltr'><strong>faciem</strong></span> <span class='ocrx_word' id='word_1_58' title='bbox 565 1784 706 1848; x_wconf 85' lang='lat' dir='ltr'><strong>personae</strong></span> <span class='ocrx_word' id='word_1_59' title='bbox 729 1760 907 1834; x_wconf 88' lang='lat' dir='ltr'><strong>attendens,</strong></span> <span class='ocrx_word' id='word_1_60' title='bbox 928 1778 1065 1820; x_wconf 89' lang='lat' dir='ltr'><strong>amorem</strong></span> <span class='ocrx_word' id='word_1_61' title='bbox 1089 1779 1211 1820; x_wconf 92' lang='lat' dir='ltr'><strong>novum</strong></span> <span class='ocrx_word' id='word_1_62' title='bbox 1237 1758 1376 1821; x_wconf 76' lang='lat' dir='ltr'><strong>amicitia</strong></span> 
     </span>
     <span class='ocr_line' id='line_1_11' title="bbox 427 1856 1375 1947; baseline -0.006 -23"><span class='ocrx_word' id='word_1_63' title='bbox 427 1862 525 1928; x_wconf 90' lang='lat' dir='ltr'><strong>veteri</strong></span> <span class='ocrx_word' id='word_1_64' title='bbox 548 1862 728 1947; x_wconf 68' lang='lat' dir='ltr'><strong>praetulisti.</strong></span> <span class='ocrx_word' id='word_1_65' title='bbox 774 1860 856 1922; x_wconf 90' lang='lat' dir='ltr'><strong>Nam</strong></span> <span class='ocrx_word' id='word_1_66' title='bbox 876 1859 964 1942; x_wconf 90' lang='lat' dir='ltr'><strong>quod</strong></span> <span class='ocrx_word' id='word_1_67' title='bbox 986 1858 1026 1920; x_wconf 87' lang='lat' dir='ltr'><strong>ad</strong></span> <span class='ocrx_word' id='word_1_68' title='bbox 1048 1879 1110 1933; x_wconf 89' lang='lat' dir='ltr'><strong>me,</strong></span> <span class='ocrx_word' id='word_1_69' title='bbox 1128 1856 1213 1920; x_wconf 91' lang='lat' dir='ltr'><strong>idem</strong></span> <span class='ocrx_word' id='word_1_70' title='bbox 1237 1880 1306 1921; x_wconf 90' lang='lat' dir='ltr'><strong>sum</strong></span> <span class='ocrx_word' id='word_1_71' title='bbox 1326 1856 1375 1942; x_wconf 92' lang='lat' dir='ltr'><strong>qui</strong></span> 
     </span>
     <span class='ocr_line' id='line_1_12' title="bbox 424 1954 1376 2046; baseline -0.006 -21"><span class='ocrx_word' id='word_1_72' title='bbox 424 1960 561 2038; x_wconf 81' lang='lat' dir='ltr'><strong>fueram,</strong></span> <span class='ocrx_word' id='word_1_73' title='bbox 575 1961 721 2046; x_wconf 88' lang='lat' dir='ltr'><strong>possideo</strong></span> <span class='ocrx_word' id='word_1_74' title='bbox 737 1956 810 2044; x_wconf 90' lang='lat' dir='ltr'><strong>plus</strong></span> <span class='ocrx_word' id='word_1_75' title='bbox 832 1979 927 2042; x_wconf 92' lang='lat' dir='ltr'><strong>qnam</strong></span> <span class='ocrx_word' id='word_1_76' title='bbox 945 1978 1001 2019; x_wconf 89' lang='lat' dir='ltr'><strong>nos</strong></span> <span class='ocrx_word' id='word_1_77' title='bbox 1021 1956 1088 2019; x_wconf 92' lang='lat' dir='ltr'><strong>duo</strong></span> <span class='ocrx_word' id='word_1_78' title='bbox 1105 1954 1243 2021; x_wconf 91' lang='lat' dir='ltr'><strong>Pruvini</strong></span> <span class='ocrx_word' id='word_1_79' title='bbox 1266 1956 1376 2021; x_wconf 89' lang='lat' dir='ltr'><strong>habue-</strong></span> 
     </span>
     <span class='ocr_line' id='line_1_13' title="bbox 424 2057 1377 2144; baseline -0.004 -20"><span class='ocrx_word' id='word_1_80' title='bbox 424 2063 537 2125; x_wconf 87' lang='lat' dir='ltr'><strong>rimus.</strong></span> <span class='ocrx_word' id='word_1_81' title='bbox 554 2063 658 2126; x_wconf 86' lang='lat' dir='ltr'><strong>Canto</strong></span> <span class='ocrx_word' id='word_1_82' title='bbox 666 2060 797 2144; x_wconf 89' lang='lat' dir='ltr'><strong>quidem</strong></span> <span class='ocrx_word' id='word_1_83' title='bbox 809 2080 870 2121; x_wconf 90' lang='lat' dir='ltr'><strong>non</strong></span> <span class='ocrx_word' id='word_1_84' title='bbox 881 2058 1021 2121; x_wconf 88' lang='lat' dir='ltr'><strong>deterius</strong></span> <span class='ocrx_word' id='word_1_85' title='bbox 1030 2057 1136 2135; x_wconf 91' lang='lat' dir='ltr'><strong>solito,</strong></span> <span class='ocrx_word' id='word_1_86' title='bbox 1145 2072 1179 2122; x_wconf 93' lang='lat' dir='ltr'><strong>et</strong></span> <span class='ocrx_word' id='word_1_87' title='bbox 1190 2059 1377 2123; x_wconf 84' lang='lat' dir='ltr'><strong>dissimiliter</strong></span> 
     </span>
     <span class='ocr_line' id='line_1_14' title="bbox 426 2157 1305 2243; baseline -0.001 -20"><span class='ocrx_word' id='word_1_88' title='bbox 426 2160 715 2223; x_wconf 76' lang='lat' dir='ltr'><strong>saresberiensibus</strong></span> <span class='ocrx_word' id='word_1_89' title='bbox 728 2157 851 2233; x_wconf 89' lang='lat' dir='ltr'><strong>multis,</strong></span> <span class='ocrx_word' id='word_1_90' title='bbox 866 2161 925 2220; x_wconf 88' lang='lat' dir='ltr'><strong>etsi</strong></span> <span class='ocrx_word' id='word_1_91' title='bbox 940 2158 1052 2243; x_wconf 88' lang='lat' dir='ltr'><strong>optimi</strong></span> <span class='ocrx_word' id='word_1_92' title='bbox 1068 2171 1216 2221; x_wconf 87' lang='lat' dir='ltr'><strong>cantores</strong></span> <span class='ocrx_word' id='word_1_93' title='bbox 1230 2159 1305 2232; x_wconf 77' lang='lat' dir='ltr'><strong>siut,</strong></span> 
     </span>
     <span class='ocr_line' id='line_1_15' title="bbox 495 2282 1322 2354; baseline 0.007 -20"><span class='ocrx_word' id='word_1_94' title='bbox 495 2283 554 2336; x_wconf 91' lang='lat' dir='ltr'><strong>Nec</strong></span> <span class='ocrx_word' id='word_1_95' title='bbox 565 2301 622 2336; x_wconf 82' lang='lat' dir='ltr'><strong>eum</strong></span> <span class='ocrx_word' id='word_1_96' title='bbox 634 2285 699 2336; x_wconf 83' lang='lat' dir='ltr'><strong>adeo</strong></span> <span class='ocrx_word' id='word_1_97' title='bbox 710 2282 834 2344; x_wconf 62' lang='lat' dir='ltr'><strong>Morinis,</strong></span> <span class='ocrx_word' id='word_1_98' title='bbox 846 2284 946 2354; x_wconf 87' lang='lat' dir='ltr'><strong>pridem</strong></span> <span class='ocrx_word' id='word_1_99' title='bbox 958 2300 999 2336; x_wconf 87' lang='lat' dir='ltr'><strong>me</strong></span> <span class='ocrx_word' id='word_1_100' title='bbox 1010 2285 1037 2334; x_wconf 89' lang='lat' dir='ltr'><strong>in</strong></span> <span class='ocrx_word' id='word_1_101' title='bbox 1048 2283 1136 2335; x_wconf 85' lang='lat' dir='ltr'><strong>littore</strong></span> <span class='ocrx_word' id='word_1_102' title='bbox 1148 2285 1203 2335; x_wconf 84' lang='lat' dir='ltr'><strong>vidi</strong></span> <span class='ocrx_word' id='word_1_103' title='bbox 1216 2285 1322 2340; x_wconf 74' lang='lat' dir='ltr'><strong>Pisano·</strong></span> 
     </span>
     <span class='ocr_line' id='line_1_16' title="bbox 495 2367 1010 2439; baseline 0 -19"><span class='ocrx_word' id='word_1_104' title='bbox 495 2367 584 2430; x_wconf 89' lang='lat' dir='ltr'><strong>Quum</strong></span> <span class='ocrx_word' id='word_1_105' title='bbox 596 2367 724 2439; x_wconf 88' lang='lat' dir='ltr'><strong>placidum</strong></span> <span class='ocrx_word' id='word_1_106' title='bbox 736 2369 823 2419; x_wconf 88' lang='lat' dir='ltr'><strong>ventis</strong></span> <span class='ocrx_word' id='word_1_107' title='bbox 836 2374 918 2419; x_wconf 85' lang='lat' dir='ltr'><strong>staret</strong></span> <span class='ocrx_word' id='word_1_108' title='bbox 931 2385 1010 2420; x_wconf 90' lang='lat' dir='ltr'><strong>mare.</strong></span> 
     </span>
    </p>

    <p class='ocr_par' dir='ltr' id='par_1_5' title="bbox 424 2477 1381 3670">
     <span class='ocr_line' id='line_1_17' title="bbox 425 2477 1376 2565; baseline 0.004 -22"><span class='ocrx_word' id='word_1_109' title='bbox 425 2480 552 2543; x_wconf 74' lang='lat' dir='ltr'><strong>Caetera</strong></span> <span class='ocrx_word' id='word_1_110' title='bbox 571 2478 759 2541; x_wconf 83' lang='lat' dir='ltr'><strong>familiarius</strong></span> <span class='ocrx_word' id='word_1_111' title='bbox 781 2480 814 2542; x_wconf 93' lang='lat' dir='ltr'><strong>iu</strong></span> <span class='ocrx_word' id='word_1_112' title='bbox 834 2500 912 2541; x_wconf 90' lang='lat' dir='ltr'><strong>aure</strong></span> <span class='ocrx_word' id='word_1_113' title='bbox 933 2493 965 2542; x_wconf 88' lang='lat' dir='ltr'><strong>et</strong></span> <span class='ocrx_word' id='word_1_114' title='bbox 986 2501 1040 2541; x_wconf 91' lang='lat' dir='ltr'><strong>ore</strong></span> <span class='ocrx_word' id='word_1_115' title='bbox 1059 2477 1193 2565; x_wconf 88' lang='lat' dir='ltr'><strong>judicis,</strong></span> <span class='ocrx_word' id='word_1_116' title='bbox 1207 2482 1260 2546; x_wconf 93' lang='lat' dir='ltr'><strong>cui</strong></span> <span class='ocrx_word' id='word_1_117' title='bbox 1275 2481 1376 2546; x_wconf 69' lang='lat' dir='ltr'><strong>adam</strong></span> 
     </span>
     <span class='ocr_line' id='line_1_18' title="bbox 424 2578 1376 2669; baseline 0.004 -27"><span class='ocrx_word' id='word_1_118' title='bbox 424 2594 481 2642; x_wconf 87' lang='lat' dir='ltr'><strong>aut</strong></span> <span class='ocrx_word' id='word_1_119' title='bbox 496 2579 598 2656; x_wconf 87' lang='lat' dir='ltr'><strong>stabo,</strong></span> <span class='ocrx_word' id='word_1_120' title='bbox 615 2579 774 2642; x_wconf 83' lang='lat' dir='ltr'><strong>revolvam</strong></span> <span class='ocrx_word' id='word_1_121' title='bbox 799 2579 926 2663; x_wconf 91' lang='lat' dir='ltr'><strong>plenius</strong></span> <span class='ocrx_word' id='word_1_122' title='bbox 947 2593 979 2643; x_wconf 92' lang='lat' dir='ltr'><strong>et</strong></span> <span class='ocrx_word' id='word_1_123' title='bbox 1002 2578 1158 2657; x_wconf 82' lang='lat' dir='ltr'><strong>evolvam,</strong></span> <span class='ocrx_word' id='word_1_124' title='bbox 1175 2597 1209 2648; x_wconf 91' lang='lat' dir='ltr'><strong>et</strong></span> <span class='ocrx_word' id='word_1_125' title='bbox 1229 2596 1267 2648; x_wconf 91' lang='lat' dir='ltr'><strong>ut</strong></span> <span class='ocrx_word' id='word_1_126' title='bbox 1281 2584 1376 2669; x_wconf 85' lang='lat' dir='ltr'><strong>ipsius</strong></span> 
     </span>
     <span class='ocr_line' id='line_1_19' title="bbox 424 2676 1377 2768; baseline 0.006 -25"><span class='ocrx_word' id='word_1_127' title='bbox 424 2679 565 2745; x_wconf 89' lang='lat' dir='ltr'><strong>dictante</strong></span> <span class='ocrx_word' id='word_1_128' title='bbox 585 2680 742 2744; x_wconf 87' lang='lat' dir='ltr'><strong>sententia</strong></span> <span class='ocrx_word' id='word_1_129' title='bbox 763 2680 862 2742; x_wconf 88' lang='lat' dir='ltr'><strong>amice</strong></span> <span class='ocrx_word' id='word_1_130' title='bbox 883 2679 1013 2743; x_wconf 86' lang='lat' dir='ltr'><strong>licenter</strong></span> <span class='ocrx_word' id='word_1_131' title='bbox 1035 2683 1229 2767; x_wconf 89' lang='lat' dir='ltr'><strong>scripserim,</strong></span> <span class='ocrx_word' id='word_1_132' title='bbox 1247 2696 1279 2748; x_wconf 92' lang='lat' dir='ltr'><strong>et</strong></span> <span class='ocrx_word' id='word_1_133' title='bbox 1301 2676 1377 2768; x_wconf 75' lang='lat' dir='ltr'><strong>scip</strong></span> 
     </span>
     <span class='ocr_line' id='line_1_20' title="bbox 426 2782 1377 2873; baseline 0.002 -25"><span class='ocrx_word' id='word_1_134' title='bbox 426 2806 495 2848; x_wconf 88' lang='lat' dir='ltr'><strong>sum</strong></span> <span class='ocrx_word' id='word_1_135' title='bbox 506 2782 773 2871; x_wconf 87' lang='lat' dir='ltr'><strong>qualemcumque</strong></span> <span class='ocrx_word' id='word_1_136' title='bbox 784 2783 971 2846; x_wconf 89' lang='lat' dir='ltr'><strong>sententiam</strong></span> <span class='ocrx_word' id='word_1_137' title='bbox 983 2782 1128 2862; x_wconf 88' lang='lat' dir='ltr'><strong>sentiam,</strong></span> <span class='ocrx_word' id='word_1_138' title='bbox 1138 2785 1377 2873; x_wconf 89' lang='lat' dir='ltr'><strong>appellationem</strong></span> 
     </span>
     <span class='ocr_line' id='line_1_21' title="bbox 430 2883 1381 2974; baseline 0.007 -26"><span class='ocrx_word' id='word_1_139' title='bbox 430 2908 532 2949; x_wconf 88' lang='lat' dir='ltr'><strong>meam</strong></span> <span class='ocrx_word' id='word_1_140' title='bbox 549 2885 658 2951; x_wconf 88' lang='lat' dir='ltr'><strong>audiet</strong></span> <span class='ocrx_word' id='word_1_141' title='bbox 673 2886 791 2961; x_wconf 89' lang='lat' dir='ltr'><strong>nullus,</strong></span> <span class='ocrx_word' id='word_1_142' title='bbox 804 2885 858 2949; x_wconf 83' lang='lat' dir='ltr'><strong>sed</strong></span> <span class='ocrx_word' id='word_1_143' title='bbox 874 2883 976 2948; x_wconf 89' lang='lat' dir='ltr'><strong>modis</strong></span> <span class='ocrx_word' id='word_1_144' title='bbox 987 2886 1136 2951; x_wconf 89' lang='lat' dir='ltr'><strong>omnibus</strong></span> <span class='ocrx_word' id='word_1_145' title='bbox 1149 2910 1280 2974; x_wconf 88' lang='lat' dir='ltr'><strong>operam</strong></span> <span class='ocrx_word' id='word_1_146' title='bbox 1292 2889 1381 2968; x_wconf 84' lang='lat' dir='ltr'><strong>dabo,</strong></span> 
     </span>
     <span class='ocr_line' id='line_1_22' title="bbox 428 2987 1380 3077; baseline 0.008 -29"><span class='ocrx_word' id='word_1_147' title='bbox 428 2998 465 3050; x_wconf 92' lang='lat' dir='ltr'><strong>ut</strong></span> <span class='ocrx_word' id='word_1_148' title='bbox 480 3000 603 3071; x_wconf 90' lang='lat' dir='ltr'><strong>partem</strong></span> <span class='ocrx_word' id='word_1_149' title='bbox 618 3010 747 3073; x_wconf 88' lang='lat' dir='ltr'><strong>gravem</strong></span> <span class='ocrx_word' id='word_1_150' title='bbox 763 2987 953 3071; x_wconf 86' lang='lat' dir='ltr'><strong>oppositam,</strong></span> <span class='ocrx_word' id='word_1_151' title='bbox 969 2998 1138 3072; x_wconf 87' lang='lat' dir='ltr'><strong>antequam</strong></span> <span class='ocrx_word' id='word_1_152' title='bbox 1155 2990 1198 3054; x_wconf 91' lang='lat' dir='ltr'><strong>ab</strong></span> <span class='ocrx_word' id='word_1_153' title='bbox 1212 2992 1260 3056; x_wconf 86' lang='lat' dir='ltr'><strong>eis</strong></span> <span class='ocrx_word' id='word_1_154' title='bbox 1273 3015 1380 3077; x_wconf 78' lang='lat' dir='ltr'><strong>grave·</strong></span> 
     </span>
     <span class='ocr_line' id='line_1_23' title="bbox 427 3088 1379 3181; baseline 0.009 -31"><span class='ocrx_word' id='word_1_155' title='bbox 427 3089 515 3163; x_wconf 89' lang='lat' dir='ltr'><strong>mini,</strong></span> <span class='ocrx_word' id='word_1_156' title='bbox 531 3089 697 3173; x_wconf 86' lang='lat' dir='ltr'><strong>appellem.</strong></span> <span class='ocrx_word' id='word_1_157' title='bbox 732 3092 999 3173; x_wconf 87' lang='lat' dir='ltr'><strong>Quantacumque</strong></span> <span class='ocrx_word' id='word_1_158' title='bbox 1017 3088 1058 3151; x_wconf 91' lang='lat' dir='ltr'><strong>sit</strong></span> <span class='ocrx_word' id='word_1_159' title='bbox 1073 3092 1251 3167; x_wconf 87' lang='lat' dir='ltr'><strong>concussio,</strong></span> <span class='ocrx_word' id='word_1_160' title='bbox 1267 3116 1379 3181; x_wconf 81' lang='lat' dir='ltr'><strong>nequa-</strong></span> 
     </span>
     <span class='ocr_line' id='line_1_24' title="bbox 426 3188 1380 3280; baseline 0.008 -31"><span class='ocrx_word' id='word_1_161' title='bbox 426 3210 522 3271; x_wconf 88' lang='lat' dir='ltr'><strong>quam</strong></span> <span class='ocrx_word' id='word_1_162' title='bbox 538 3211 577 3250; x_wconf 86' lang='lat' dir='ltr'><strong>ex</strong></span> <span class='ocrx_word' id='word_1_163' title='bbox 601 3188 766 3271; x_wconf 86' lang='lat' dir='ltr'><strong>proposito</strong></span> <span class='ocrx_word' id='word_1_164' title='bbox 780 3211 850 3251; x_wconf 91' lang='lat' dir='ltr'><strong>meo</strong></span> <span class='ocrx_word' id='word_1_165' title='bbox 865 3188 905 3252; x_wconf 93' lang='lat' dir='ltr'><strong>ad</strong></span> <span class='ocrx_word' id='word_1_166' title='bbox 926 3211 1018 3252; x_wconf 89' lang='lat' dir='ltr'><strong>aures</strong></span> <span class='ocrx_word' id='word_1_167' title='bbox 1031 3192 1179 3255; x_wconf 88' lang='lat' dir='ltr'><strong>extranei</strong></span> <span class='ocrx_word' id='word_1_168' title='bbox 1195 3195 1380 3280; x_wconf 80' lang='lat' dir='ltr'><strong>perferetur.</strong></span> 
     </span>
     <span class='ocr_line' id='line_1_25' title="bbox 427 3283 1379 3375; baseline 0.012 -28"><span class='ocrx_word' id='word_1_169' title='bbox 427 3283 521 3361; x_wconf 82' lang='lat' dir='ltr'><strong>Quod</strong></span> <span class='ocrx_word' id='word_1_170' title='bbox 538 3286 564 3348; x_wconf 93' lang='lat' dir='ltr'><strong>si</strong></span> <span class='ocrx_word' id='word_1_171' title='bbox 587 3286 752 3349; x_wconf 92' lang='lat' dir='ltr'><strong>Walterus</strong></span> <span class='ocrx_word' id='word_1_172' title='bbox 767 3287 876 3352; x_wconf 89' lang='lat' dir='ltr'><strong>adesse</strong></span> <span class='ocrx_word' id='word_1_173' title='bbox 898 3289 1088 3374; x_wconf 84' lang='lat' dir='ltr'><strong>nequiverit,</strong></span> <span class='ocrx_word' id='word_1_174' title='bbox 1103 3313 1166 3375; x_wconf 87' lang='lat' dir='ltr'><strong>ego</strong></span> <span class='ocrx_word' id='word_1_175' title='bbox 1186 3295 1262 3358; x_wconf 86' lang='lat' dir='ltr'><strong>euni</strong></span> <span class='ocrx_word' id='word_1_176' title='bbox 1278 3309 1379 3359; x_wconf 87' lang='lat' dir='ltr'><strong>tecum</strong></span> 
     </span>
     <span class='ocr_line' id='line_1_26' title="bbox 426 3384 1379 3477; baseline 0.013 -30"><span class='ocrx_word' id='word_1_177' title='bbox 426 3384 519 3447; x_wconf 82' lang='lat' dir='ltr'><strong>facile</strong></span> <span class='ocrx_word' id='word_1_178' title='bbox 547 3384 656 3449; x_wconf 87' lang='lat' dir='ltr'><strong>abesse</strong></span> <span class='ocrx_word' id='word_1_179' title='bbox 691 3385 895 3462; x_wconf 90' lang='lat' dir='ltr'><strong>consentiam,</strong></span> <span class='ocrx_word' id='word_1_180' title='bbox 925 3388 986 3454; x_wconf 89' lang='lat' dir='ltr'><strong>nisi</strong></span> <span class='ocrx_word' id='word_1_181' title='bbox 1021 3404 1128 3474; x_wconf 88' lang='lat' dir='ltr'><strong>partes</strong></span> <span class='ocrx_word' id='word_1_182' title='bbox 1162 3394 1379 3477; x_wconf 78' lang='lat' dir='ltr'><strong>suffragatoris</strong></span> 
     </span>
     <span class='ocr_line' id='line_1_27' title="bbox 424 3485 1379 3582; baseline 0.012 -33"><span class='ocrx_word' id='word_1_183' title='bbox 424 3485 556 3571; x_wconf 89' lang='lat' dir='ltr'><strong>implere</strong></span> <span class='ocrx_word' id='word_1_184' title='bbox 571 3485 727 3551; x_wconf 83' lang='lat' dir='ltr'><strong>maluerit</strong></span> <span class='ocrx_word' id='word_1_185' title='bbox 756 3488 897 3552; x_wconf 88' lang='lat' dir='ltr'><strong>Salutem</strong></span> <span class='ocrx_word' id='word_1_186' title='bbox 912 3512 990 3574; x_wconf 87' lang='lat' dir='ltr'><strong>ergo</strong></span> <span class='ocrx_word' id='word_1_187' title='bbox 1004 3490 1133 3569; x_wconf 85' lang='lat' dir='ltr'><strong>habeas,</strong></span> <span class='ocrx_word' id='word_1_188' title='bbox 1149 3506 1184 3557; x_wconf 86' lang='lat' dir='ltr'><strong>at</strong></span> <span class='ocrx_word' id='word_1_189' title='bbox 1199 3495 1379 3582; x_wconf 81' lang='lat' dir='ltr'><strong>meipsum,</strong></span> 
     </span>
     <span class='ocr_line' id='line_1_28' title="bbox 426 3584 1378 3670; baseline 0.015 -24"><span class='ocrx_word' id='word_1_190' title='bbox 426 3599 457 3649; x_wconf 91' lang='lat' dir='ltr'><strong>et</strong></span> <span class='ocrx_word' id='word_1_191' title='bbox 480 3584 568 3670; x_wconf 92' lang='lat' dir='ltr'><strong>quod</strong></span> <span class='ocrx_word' id='word_1_192' title='bbox 587 3586 723 3650; x_wconf 90' lang='lat' dir='ltr'><strong>volueris</strong></span> <span class='ocrx_word' id='word_1_193' title='bbox 745 3588 916 3653; x_wconf 85' lang='lat' dir='ltr'><strong>rescribas:</strong></span> <span class='ocrx_word' id='word_1_194' title='bbox 948 3589 992 3653; x_wconf 89' lang='lat' dir='ltr'><strong>ita</strong></span> <span class='ocrx_word' id='word_1_195' title='bbox 1014 3603 1119 3654; x_wconf 90' lang='lat' dir='ltr'><strong>tamen</strong></span> <span class='ocrx_word' id='word_1_196' title='bbox 1143 3606 1181 3658; x_wconf 93' lang='lat' dir='ltr'><strong>ut</strong></span> <span class='ocrx_word' id='word_1_197' title='bbox 1204 3596 1378 3659; x_wconf 79' lang='lat' dir='ltr'><strong>autminus</strong></span> 
     </span>
    </p>
   </div>
   <div class='ocr_carea' id='block_1_5' title="bbox 426 3686 1378 3875">
    <p class='ocr_par' dir='ltr' id='par_1_6' title="bbox 426 3686 1378 3875">
     <span class='ocr_line' id='line_1_29' title="bbox 426 3686 1378 3775; baseline 0.012 -27"><span class='ocrx_word' id='word_1_198' title='bbox 426 3699 570 3771; x_wconf 90' lang='lat' dir='ltr'><strong>acceptes</strong></span> <span class='ocrx_word' id='word_1_199' title='bbox 589 3686 744 3762; x_wconf 88' lang='lat' dir='ltr'><strong>oblatum,</strong></span> <span class='ocrx_word' id='word_1_200' title='bbox 761 3702 817 3752; x_wconf 87' lang='lat' dir='ltr'><strong>aut</strong></span> <span class='ocrx_word' id='word_1_201' title='bbox 837 3689 985 3768; x_wconf 89' lang='lat' dir='ltr'><strong>electum,</strong></span> <span class='ocrx_word' id='word_1_202' title='bbox 1000 3691 1078 3756; x_wconf 93' lang='lat' dir='ltr'><strong>dum</strong></span> <span class='ocrx_word' id='word_1_203' title='bbox 1100 3705 1135 3759; x_wconf 93' lang='lat' dir='ltr'><strong>tu</strong></span> <span class='ocrx_word' id='word_1_204' title='bbox 1156 3696 1255 3775; x_wconf 88' lang='lat' dir='ltr'><strong>absis,</strong></span> <span class='ocrx_word' id='word_1_205' title='bbox 1271 3697 1378 3763; x_wconf 87' lang='lat' dir='ltr'><strong>subeat</strong></span> 
     </span>
     <span class='ocr_line' id='line_1_30' title="bbox 427 3784 819 3875; baseline 0.005 -26"><span class='ocrx_word' id='word_1_206' title='bbox 427 3784 554 3850; x_wconf 88' lang='lat' dir='ltr'><strong>devotio</strong></span> <span class='ocrx_word' id='word_1_207' title='bbox 569 3810 638 3851; x_wconf 89' lang='lat' dir='ltr'><strong>mea</strong></span> <span class='ocrx_word' id='word_1_208' title='bbox 649 3787 819 3875; x_wconf 89' lang='lat' dir='ltr'><strong>judicium.</strong></span> 
     </span>
    </p>
   </div>
   <div class='ocr_carea' id='block_1_6' title="bbox 0 0 1524 5500">
    <p class='ocr_par' dir='ltr' id='par_1_7' title="bbox 0 0 1524 5500">
     <span class='ocr_line' id='line_1_31' title="bbox 0 0 1524 5500; baseline 0 0"><span class='ocrx_word' id='word_1_209' title='bbox 0 0 1524 5500; x_wconf 95' lang='lat' dir='ltr'><strong> </strong></span> 
     </span>
    </p>
   </div>
  </div>
 </body>
</html>
