3034 5500
146 749 254 834 llos]
460 761 463 767 '
521 771 700 817 aersrone.
1044 761 1105 820 195

142 920 182 985 de
211 943 310 984 causa
342 932 459 996 vestra,
489 943 586 1006 quam
609 925 815 986 consueverit.
862 927 968 999 Quum
992 938 1098 989 autem

141 1023 248 1108 ipsum
265 1023 440 1089 instantius
456 1024 595 1087 animare
607 1033 792 1107 satagerem,
802 1027 965 1111 respondit
981 1051 1013 1091 se
1029 1027 1100 1112 qui·

141 1124 215 1189 dem
230 1123 309 1189 satis
324 1124 431 1189 t'enere
446 1122 578 1208 diligere
593 1147 757 1212 personam
775 1141 922 1208 vestram,
937 1141 969 1193 et
984 1153 1100 1215 appro-

142 1225 219 1290 bare
233 1247 376 1304 causam,
398 1224 452 1289 sed
476 1225 587 1305 vereri,
602 1247 640 1289 ne
663 1227 688 1290 si
708 1226 777 1313 ipso
800 1228 954 1294 suadente
975 1230 1099 1317 aliquid

142 1325 262 1394 faceret
278 1325 425 1391 dominus
440 1327 621 1392 Alexander
641 1351 735 1414 papa,
752 1329 836 1394 unde
852 1354 959 1415 regem
976 1334 1099 1416 Anglo·

142 1449 215 1492 rum
225 1428 400 1504 amitteret,
411 1427 439 1490 ei
450 1427 610 1503 decaetero
621 1428 794 1513 imputaret
806 1430 936 1495 ecclesia
946 1436 1099 1513 Romana,

142 1531 232 1618 quod
245 1544 458 1617 proptereum
471 1544 596 1597 tantum
607 1530 743 1596 amicum
756 1533 920 1598 amisisset.
958 1536 1003 1598 Et
1019 1536 1099 1601 banc

142 1655 271 1699 causam
294 1629 411 1717 saepius
439 1630 620 1698 inculcavit.
665 1633 759 1707 Quod
783 1657 910 1700 versans
938 1636 1025 1720 apud
1048 1659 1098 1703 rne

142 1738 300 1800 attentius
329 1735 540 1812 revolvebam,
571 1750 603 1801 et
633 1734 786 1800 metiebar
815 1737 848 1801 in
871 1737 986 1813 animo,
1003 1739 1098 1823 ¹quid

142 1859 272 1923 sperare
282 1835 762 1923 possimusquumrexAngliae
771 1838 1098 1925 praesensfueritpro-

142 1959 267 2024 ponens
280 1937 383 2003 multa
405 1961 463 2025 pro
486 1962 529 2018 se,
552 1936 654 2003 multa
675 1951 787 2002 contra
810 1961 876 2018 vos,
890 1953 921 2004 et
938 1963 1024 2006 more
1040 1965 1099 2006 suo
1139 1954 1141 1958 '

141 2061 231 2104 nunc
253 2038 357 2118 minis,
376 2063 461 2104 nunc
483 2039 657 2126 promissis,
675 2062 758 2104 nunc
782 2042 877 2106 variis
899 2043 1099 2126 pactionibus

142 2135 253 2204 faciles
273 2153 304 2204 et
328 2138 520 2205 fluctuantes
542 2140 663 2204 animos
678 2141 719 2207 sit
741 2156 896 2220 moturus,
919 2144 1096 2229 praesertim

142 2263 247 2327 quum
269 2239 414 2307 allexerit
435 2242 495 2307 sibi
517 2243 696 2327 pincernam
720 2244 813 2327 regis,
827 2259 872 2323 et,
888 2246 975 2332 quod
998 2245 1099 2331 magis

143 2355 205 2421 est,
220 2344 369 2408 comitem
386 2344 579 2423 Robertum,
594 2345 687 2429 cujus
710 2369 792 2410 uxor
807 2347 932 2412 abbatis
947 2347 1009 2412 mei
1023 2370 1098 2432 cog·

144 2462 233 2523 nata,
259 2467 334 2510 cum
356 2445 426 2511 aliis
448 2446 647 2511 munusculis
671 2461 827 2513 trecentas
851 2448 941 2514 ulnas
963 2449 1097 2514 telarum

144 2547 351 2614 Remeusiunr
385 2550 453 2631 regi
483 2569 585 2630 nuper
613 2548 786 2612 transmisit
816 2549 848 2612 in
879 2548 1026 2633 Angliam
1058 2547 1100 2612 ad

143 2649 291 2715 camisias
318 2648 489 2714 faciendas.
539 2652 599 2714 Est
629 2649 712 2713 enirn
743 2650 885 2735 prudens
913 2649 1038 2727 mulier,
1068 2660 1099 2713 ct

144 2763 264 2838 praeter
278 2773 420 2830 munera,
435 2773 509 2836 quae
529 2751 711 2836 frequenter
735 2751 897 2836 accipiunt
919 2751 1052 2813 maritus
1067 2762 1099 2814 et

144 2853 227 2936 ipsa,
244 2863 362 2936 sperat,
377 2850 464 2935 quod
486 2849 592 2915 liberis
606 2872 726 2923 eorum,
742 2872 825 2935 quos
839 2848 955 2914 multos
970 2849 1101 2928 habeut,

143 2953 314 3041 provideat
343 2975 399 3017 rex
429 2953 461 3017 in
482 2951 689 3016 matrimoniis
705 2951 861 3015 nobilium
884 2972 1098 3035 personarum.

144 3056 413 3141 archiepiscopus
443 3076 517 3118 vero
547 3054 712 3119 Remensis
742 3054 920 3119 Robertum
950 3051 1098 3116 comitem

146 3160 318 3225 tenerrime
343 3158 462 3243 diligit,
489 3170 520 3221 et
545 3156 661 3222 liberos
684 3158 762 3242 ejus.
807 3155 903 3222 Unde
930 3155 1037 3231 timeo,
1061 3176 1100 3218 ne

144 3264 265 3326 amicos
286 3258 482 3346 hujusmodi,
497 3280 597 3344 quum
618 3258 707 3323 adid
732 3271 862 3323 ventum
883 3258 991 3336 fuerit,
1006 3256 1098 3322 facile

144 3362 278 3428 fortuna
292 3362 446 3426 excutiat.

190 3463 332 3528 Proinde
346 3462 512 3527 consilium
528 3486 646 3539 meum,
661 3476 693 3527 et
707 3463 913 3541 desiderium,
929 3476 961 3528 et
976 3486 1100 3527 summa

147 3589 278 3652 precum
290 3578 347 3646 est,
358 3578 394 3630 ut
404 3588 460 3629 vos
467 3574 535 3629 tota
545 3578 650 3630 mente
660 3567 852 3631 convertatis
862 3566 903 3630 ad
914 3565 1100 3640 Dominum,

147 3680 178 3734 et
192 3669 374 3734 orationum
390 3668 549 3753 suffragia
596 3668 681 3743 Quia
703 3670 786 3732 utin
807 3669 990 3734 Proverbiis
1004 3668 1101 3753 scrip-

146 3785 215 3836 tum
232 3785 301 3836 est:
330 3773 636 3853 Turrissortr'ssr'mo
658 3793 774 3837 nomen
789 3774 934 3848 Domini,
951 3773 996 3834 od
1008 3793 1102 3854 quem

145 3875 249 3957 siquis
258 3875 761 3957 consuqerit,deomnian9ustio
776 3876 942 3938 liberatur.
968 3873 1103 3938 Differre

146 3975 272 4040 iuterim
289 3997 398 4038 omues
418 3972 496 4037 alias
517 3974 749 4061 occupationes,
765 3987 922 4060 quantum
946 3973 1103 4059 poteritis,

147 4079 224 4167 quia
260 4078 335 4143 licet
370 4078 551 4142 necessaria>
588 4076 759 4161 plurimum
800 4076 978 4151 videantur,
1014 4074 1103 4161 quod

147 4181 266 4246 suadeo
290 4178 539 4265 praeeligendum
563 4192 623 4258 est,
645 4202 682 4243 eo
696 4179 785 4264 quod
808 4178 909 4262 magis
930 4190 977 4241 est
1001 4199 1105 4240 neces·

147 4282 276 4346 sarium.
323 4282 461 4343 Prosunt
482 4279 608 4362 quidem
629 4283 715 4364 leges
734 4292 765 4344 et
788 4301 933 4354 canones,
955 4278 1010 4341 sed
1027 4275 1104 4338 mihi

145 4382 276 4459 credite,
294 4380 371 4467 quia
386 4403 469 4445 nunc
484 4404 546 4445 non
562 4382 621 4445 erit
637 4381 686 4445 his
700 4403 801 4466 opus:

600 4492 657 4549 oa
