3034 5500
282 749 370 810 1166.
374 749 387 829 l
668 767 849 812 sorssors.
1170 759 1233 817 ata

321 1015 547 1080 EPISTOLA
572 1016 780 1080 CLXL—an
795 1034 993 1082 usnrsruuu
1011 1037 1192 1084 utconauu.

647 1117 691 1198 [s.
708 1138 740 1182 n.
761 1119 868 1200 1166]

594 1276 757 1357 Magistro
772 1277 921 1342 Nicoluo.

324 1407 393 1468 Dru
418 1403 548 1490 quidem
571 1423 590 1465 a
614 1402 913 1488 scriptitationibus,
932 1425 1014 1488 quas
1034 1405 1093 1469 tibi
1112 1408 1235 1472 mittere

278 1527 505 1572 consueveram
527 1505 672 1568 continui
689 1505 865 1570 calamum:
886 1505 943 1569 sed
960 1528 999 1569 eo
1017 1508 1119 1588 magis
1137 1509 1235 1574 fervet

279 1610 423 1673 affectus.
455 1609 540 1671 Nam
553 1618 586 1671 et
595 1605 686 1671 dolor
697 1608 886 1691 plerumque
897 1604 1124 1672 immoderatus
1138 1611 1233 1674 affec-

279 1720 363 1772 tatas
377 1704 547 1792 suspendit
560 1708 719 1785 lacrimas,
728 1728 832 1792 eoque
845 1708 949 1789 magis
960 1707 1083 1772 cruciat
1093 1710 1234 1773 animum

276 1812 310 1874 iu
330 1810 523 1874 exulceratae
546 1810 663 1874 mentis
685 1810 814 1873 clausus
836 1808 1089 1893 angustiisque
1112 1809 1233 1875 diutius

277 1908 464 1995 egrediendi
478 1923 511 1976 et
530 1910 731 1975 diffundendi
755 1931 789 1974 se
812 1923 846 1975 et
866 1910 1045 1994 prodeundi
1068 1913 1102 1976 in
1125 1914 1232 1977 lucem

276 2014 411 2079 libertas
426 2014 609 2096 denegatur.
648 2015 678 2076 N
682 2035 719 2078 ec
734 2013 799 2077 hoc
815 2013 952 2077 dixerim
974 2023 1125 2098 tanquam
1139 2013 1233 2079 inun-

278 2114 387 2180 dantis
409 2116 558 2201 procellae
579 2119 730 2178 subactus
750 2115 884 2199 impetu,
908 2137 1004 2200 quum
1028 2116 1234 2201 philosophia

280 2218 420 2282 docente
441 2216 622 2294 didicerim,
638 2215 723 2301 quod
747 2216 831 2281 sicut
845 2218 927 2281 male
945 2226 1062 2282 cuncta
1076 2218 1234 2282 ministrat

279 2319 431 2404 impetus,
452 2321 499 2384 ita
522 2320 612 2402 vigor
636 2318 704 2402 ejus
733 2317 902 2383 diuturnus
930 2341 1090 2385 essenon
1116 2333 1233 2405 potest,

277 2422 436 2505 impulsus
450 2423 575 2486 turbine
587 2432 736 2503 surgente
753 2423 795 2484 ab
810 2422 985 2505 insperato,
995 2422 1102 2486 subito
1116 2436 1234 2490 cuncta

280 2524 462 2602 confundit,
485 2524 542 2588 sed
565 2525 597 2587 in
623 2535 787 2588 momento
812 2523 964 2606 disparet,
990 2524 1047 2588 sed
1069 2525 1134 2588 fere
1159 2539 1232 2590 ante

280 2624 391 2690 deficit
417 2646 512 2711 quam
534 2628 730 2707 languescat.
776 2627 883 2698 Quum
910 2645 985 2706 ergo
1009 2624 1112 2706 figura
1136 2627 1233 2710 hujus

279 2727 391 2792 mundi
406 2740 604 2814 pertranseat
620 2729 707 2791 velut
722 2728 846 2805 umbra,
860 2738 892 2790 et
906 2735 1069 2791 momento
1084 2728 1231 2806 turbinis,

278 2842 315 2895 ut
330 2832 437 2896 sumus
452 2842 623 2896 evanescat
639 2833 671 2895 in
688 2842 865 2915 conspectu
879 2829 1186 2914 philosophantium,
1200 2842 1233 2896 et

279 2935 381 3017 magis
397 2945 522 2999 constet
542 2956 584 2997 ex
605 2933 669 2998 fide
693 2934 959 3007 Christianorum,
975 2952 1116 3016 quonam
1135 2942 1231 3015 pacto

278 3036 311 3099 in
335 3037 498 3122 prosperis
518 3037 568 3099 vel
595 3035 748 3114 adversis,
774 3034 913 3118 sapienti
936 3032 1057 3116 aliquid
1077 3032 1233 3097 videbitur

278 3161 348 3203 esse
374 3138 569 3203 diuturnum.
623 3138 720 3213 Quod
750 3147 857 3202 autem
887 3145 1143 3200 momentaneum
1171 3150 1231 3215 cst,

280 3242 371 3325 cujus
397 3241 654 3326 philosophantis
680 3240 820 3304 animum
848 3238 978 3323 dejiciet
1003 3239 1053 3301 vel
1077 3237 1230 3303 extollet?

280 3343 365 3406 Mihi
381 3343 488 3427 itaque
512 3364 699 3428 persuasum
722 3356 771 3406 est
793 3342 881 3427 quod
897 3343 997 3405 vitare
1011 3363 1077 3405 non
1099 3363 1232 3425 possum

281 3444 499 3530 equanimiter
524 3446 690 3516 sustinere,
717 3455 749 3508 et
774 3446 831 3507 ubi
862 3466 911 3508 me
943 3444 1141 3508 conscientia
1166 3464 1231 3507 nou

281 3547 450 3628 remordet,
479 3546 619 3631 gaudere
647 3549 680 3611 in
711 3548 979 3627 tribulationibus,
999 3558 1031 3610 et
1061 3547 1092 3609 in
1122 3548 1234 3632 rapina

280 3652 448 3728 bonorum,
477 3651 593 3715 divine
623 3651 854 3735 dispensationi
887 3653 1004 3733 gratias
1033 3649 1116 3713 dare
1167 3650 1231 3713 Sed

279 3752 428 3817 licetine
452 3774 548 3838 super
562 3751 685 3836 injuriis
708 3765 741 3816 et
763 3751 887 3815 damnis
906 3752 1002 3822 illatis
1025 3750 1153 3814 tristitia
1166 3771 1231 3814 uon

283 3856 462 3933 absorbeat,
487 3876 617 3918 moveor
643 3865 749 3918 tamen
777 3852 863 3938 quod
890 3853 1013 3917 amicos
1031 3851 1140 3916 videre
1165 3873 1232 3915 non

281 3958 366 4037 licet,
375 3957 463 4042 quod
479 3965 567 4040 grata
581 3955 810 4019 benevolorum
823 3953 983 4038 colloquia
994 3953 1231 4034 subtrahuntur,

283 4057 369 4141 quod
379 4079 488 4121 eorum
505 4078 576 4141 quae
592 4056 671 4118 mihi
686 4065 842 4119 essentex
853 4054 959 4118 officio
973 4051 1123 4136 gerenda,
1134 4053 1233 4119 dene·

285 4169 375 4242 gatur
389 4159 522 4223 materia
536 4171 567 4222 et
582 4157 734 4223 facultas:
758 4177 854 4242 super
866 4157 928 4236 his,
938 4158 1080 4241 inquam,
1092 4176 1234 4230 moveor,

282 4286 408 4330 moveor
423 4266 556 4349 inquam
572 4284 668 4348 super
688 4263 761 4339 his;
784 4262 841 4326 sed
862 4282 957 4346 super
978 4260 1151 4324 afflictione
1167 4260 1232 4321 Ec·

281 4368 388 4432 clesiae
410 4368 506 4448 longe
528 4366 666 4449 amplius
687 4385 828 4441 moveor,
848 4375 880 4426 et
899 4363 932 4425 in
954 4360 1133 4426 turbatione
1153 4360 1230 4421 ami·
