3034 5500
278 779 383 858 usu]
651 788 837 837 aristonis.
1169 773 1233 832 238

276 970 344 1012 cum
370 943 507 1010 domino
530 944 684 1028 episcopo
706 943 776 1019 rite,
798 940 884 1026 quod
908 941 951 1005 ad
976 940 1229 1006 incolumitatem

276 1047 359 1121 dico,
384 1046 503 1128 agitur,
529 1056 605 1108 tunc
633 1054 666 1108 et
688 1042 731 1107 ad
753 1043 818 1107 hoc
843 1043 1031 1126 responderi
1054 1043 1232 1126 gratissime

276 1149 466 1234 acceptabo.
507 1147 678 1225 Ceterum,
693 1146 770 1231 quia
783 1145 854 1209 haec
869 1145 1053 1211 sollicitudo
1068 1147 1110 1211 ab
1125 1147 1233 1210 auimo

278 1274 348 1316 meo
364 1272 432 1315 non
449 1248 583 1328 recedit,
594 1248 633 1328 si,
644 1247 733 1333 quod
749 1248 910 1311 Dominus
924 1255 1055 1326 avertat,
1067 1248 1232 1312 dominum

277 1355 468 1437 episcopum
491 1351 538 1415 sic
562 1360 715 1432 aegrotare
736 1349 919 1430 contigerit,
934 1371 1073 1428 omnem,
1090 1351 1174 1415 sicut
1188 1351 1234 1415 vir

277 1455 406 1539 sapiens
432 1464 466 1518 et
489 1451 641 1537 prudens,
667 1473 798 1536 operam
825 1451 909 1528 date,
931 1463 967 1514 ut
987 1451 1021 1513 in
1046 1452 1233 1536 hujusmodi

277 1557 423 1640 periculo
460 1577 494 1619 se
529 1553 682 1619 exhibeat
711 1553 941 1629 Christianum,
970 1564 1003 1616 et
1031 1563 1177 1633 mortem,
1206 1556 1233 1618 si

278 1678 414 1722 necesse
432 1657 535 1735 fuerit,
548 1668 702 1740 tanquam
719 1653 839 1719 Christi
862 1653 1010 1718 sacerdos
1029 1665 1191 1739 expectet,
1205 1667 1238 1720 et

280 1760 378 1823 domo
409 1758 578 1842 disposita,
611 1766 733 1821 naturae
762 1777 889 1830 munus,
916 1755 1005 1839 quod
1035 1757 1143 1819 evitari
1172 1778 1236 1821 non

281 1870 399 1944 potest,
413 1859 574 1944 patienter
588 1856 740 1941 excipiat.
766 1853 907 1919 Confido
923 1867 1028 1919 autem
1043 1856 1078 1918 in
1094 1855 1237 1921 Domino

279 1964 299 2027 J
300 1983 360 2026 esu
369 1960 514 2038 Christo,
523 1958 609 2044 quod
625 1958 681 2043 qui
693 1959 722 2022 ei
736 1957 826 2021 dedit
836 1956 1039 2040 prudentiam
1052 1959 1238 2022 transeundi

280 2085 339 2148 per
361 2064 451 2126 bona
472 2061 673 2145 temporalia,
699 2060 730 2124 ei
757 2060 794 2123 in
823 2059 1096 2124 consummatione
1125 2081 1238 2125 cursus

279 2163 450 2248 praestabit
467 2162 610 2245 gratiam,
630 2176 665 2225 ut
689 2160 783 2243 cujus
805 2161 871 2225 rita
894 2162 982 2245 apud
1004 2165 1236 2228 commensales

282 2266 515 2343 enutriamus
536 2265 607 2350 ejus
629 2264 723 2328 etiam
747 2263 907 2327 morituris
928 2264 1079 2328 omnibus
1094 2266 1240 2349 pmficiat

284 2368 327 2432 ad
350 2368 555 2451 exemplum:
578 2364 679 2429 fidem
701 2364 882 2429 devotionis
903 2378 936 2428 et
956 2365 1034 2429 fidei
1055 2368 1145 2430 nullo
1169 2370 1241 2453 quis

285 2490 430 2554 unquam
453 2477 640 2551 argumento
662 2463 792 2530 fidelius
817 2467 921 2539 saciet,
944 2488 1039 2551 quam
1062 2467 1089 2531 si
1112 2489 1240 2554 operam

287 2571 414 2636 dederit
429 2571 501 2655 quis
519 2581 552 2633 et
574 2566 784 2651 diligentiam,
800 2580 835 2632 ut
849 2590 931 2653 quos
953 2569 987 2631 in
1008 2590 1105 2632 carus
1121 2591 1241 2636 coexu-

284 2675 399 2753 lantes,
417 2683 449 2737 et
469 2672 503 2762 in
525 2670 667 2736 Domino
686 2670 925 2756 peregrinantes
945 2669 1074 2747 amavit,
1095 2672 1243 2736 exhorta·

289 2777 380 2840 tione
403 2775 567 2853 virtutum,
594 2785 626 2839 et
654 2773 835 2856 insignibus
861 2774 1017 2835 bonorum
1043 2794 1187 2857 operum,
1211 2785 1245 2837 et

287 2878 429 2942 maxime
451 2877 486 2939 in
505 2876 571 2939 fine
585 2876 645 2939 viae
665 2883 855 2960 promoveat
877 2883 1091 2950 transeuntes,
1106 2885 1139 2937 et
1153 2877 1245 2958 quasi

289 2980 428 3063 geminae
459 2977 598 3041 caritatis
626 2976 767 3041 brachiis
800 2987 1009 3060 persequatur
1038 2985 1071 3039 ct
1098 2976 1246 3060 impellat

289 3084 464 3163 migrantes
486 3090 519 3142 et
537 3078 749 3142 ascendentes
769 3078 812 3141 ad
832 3078 1005 3142 Christum.
1050 3077 1084 3142 Si
1100 3098 1174 3142 vero
1188 3100 1246 3161 per

291 3179 545 3247 misericordiam
559 3179 622 3242 Dei
637 3200 687 3242 res
708 3180 795 3243 circa
810 3201 867 3243 ros
886 3179 991 3243 letius
1004 3179 1118 3260 agitur,
1133 3200 1247 3265 precor

290 3282 454 3359 attentius,
468 3293 628 3363 quatenus
647 3280 851 3364 interpretem
866 3292 1010 3345 nostrum
1025 3280 1129 3345 modis
1143 3283 1245 3345 omni·

288 3387 349 3448 bus
359 3383 401 3447 ad
414 3384 485 3447 haec
496 3381 652 3446 inducere
665 3381 832 3459 studeatis,
842 3394 877 3446 ut
892 3381 979 3465 quod
991 3382 1032 3445 de
1045 3383 1246 3462 Hierarchia,

290 3489 383 3571 cujus
405 3507 506 3550 unum
528 3486 644 3548 librum
668 3485 840 3563 transtulit,
855 3484 1017 3548 residuum
1039 3496 1099 3564 est,
1119 3486 1161 3550 ad
1182 3487 1246 3550 sor·

293 3611 378 3654 mam
393 3609 485 3652 suam
506 3586 671 3650 transierat
686 3594 719 3649 et
733 3585 902 3649 emendet:
926 3586 1002 3670 quia
1015 3587 1050 3651 id
1064 3588 1151 3671 quod
1165 3610 1246 3671 prae·

290 3692 388 3764 misit,
403 3691 456 3754 his
479 3689 537 3772 qui
557 3688 639 3752 illud
656 3687 805 3752 viderunt
819 3689 853 3751 in
875 3688 1022 3763 Francia,
1037 3690 1115 3753 satis
1130 3690 1246 3773 placet.

292 3793 388 3857 Plura
402 3791 580 3874 scripturus
595 3811 692 3868 eram,
705 3788 765 3853 sed
781 3788 942 3854 festinatio
957 3811 1023 3853 non
1038 3789 1203 3874 permittit.
