3034 5500
419 749 465 818 '98
663 781 804 824 Joauurs
819 779 1099 823 sauusuumuusis
1277 762 1323 836 [i.
1340 782 1365 824 o.

423 925 598 1010 prohibere.
644 929 755 993 Valete
770 945 802 993 et
813 930 1015 1014 praesentiam
1026 940 1167 993 vestram
1183 929 1291 993 animo
1306 953 1366 992 meo

425 1027 570 1091 subtrahi
585 1051 647 1093 non
663 1052 754 1116 posse
769 1030 930 1093 noveritis.

433 1284 576 1348 EPIST.
601 1285 1070 1351 LXXIV.-anannar1ssan
1089 1307 1133 1350 nn
1149 1306 1355 1351 autumnum.

468 1440 655 1501 Rauracos
677 1436 811 1521 impellit
826 1438 1009 1518 auctoritas,
1032 1452 1067 1503 ut
1084 1452 1206 1504 sanctae
1230 1439 1370 1503 Romano

425 1537 564 1602 ecciesiae
580 1537 775 1602 vindicemus
796 1540 958 1624 injuriam,
974 1552 1017 1613 et,
1042 1552 1078 1602 ut
1099 1537 1141 1601 de
1164 1553 1278 1604 nostro
1298 1554 1372 1604 moc-

426 1659 529 1715 amus,
545 1652 763 1725 contemptum
787 1640 883 1724 regiae
898 1640 1081 1725 majestatis.
1131 1645 1203 1706 Nos
1217 1654 1322 1705 autern
1337 1663 1371 1703 ne

426 1739 514 1804 istud
544 1741 648 1811 faoere
670 1765 865 1826 cogeremur,
889 1765 944 1806 vos
972 1755 1104 1827 paterna
1134 1741 1373 1806 mansuetudine

426 1843 690 1919 commonuimus,
715 1856 875 1928 quatenus
903 1843 1019 1906 diiecto
1048 1842 1114 1905 fiiio
1139 1842 1288 1906 Jordano
1310 1843 1372 1907 the·

426 1942 568 2004 aaurario
583 1943 792 2006 restitueretis
807 1947 1032 2028 possessionem
1047 1942 1187 2006 ccclesiae
1202 1942 1245 2006 de
1261 1942 1371 2011 Froiia.

426 2063 523 2125 quam
552 2043 579 2105 ei
603 2058 725 2108 constat
747 2046 940 2130 praesidente
961 2045 1056 2108 beato
1079 2042 1228 2107 Adriano
1251 2041 1372 2106 fnissea

427 2143 570 2205 Romana
592 2145 723 2209 ecclesia
742 2146 971 2211 confirmatam.
1017 2146 1113 2209 Unde
1133 2160 1165 2210 et
1182 2146 1289 2231 ipsum
1308 2158 1372 2232 post

426 2241 1374 2331 edictumDominiregis‚incontemptnmecclesioeRomanae

428 2342 582 2407 violenter
603 2360 635 2409 et
657 2346 783 2431 absque
802 2347 914 2410 ordine
935 2346 1109 2433 judiciario
1126 2346 1277 2432 ejecistis,
1299 2347 1374 2410 sicut

427 2447 498 2532 ejus
519 2445 631 2510 iterata
651 2446 771 2511 indicat
792 2448 1001 2533 querimonia.
1047 2447 1110 2512 Sed
1133 2450 1214 2532 quia
1227 2448 1333 2511 adhuc
1345 2450 1374 2512 in

429 2557 534 2609 vestra
563 2548 764 2611 contumacia
794 2547 1014 2633 perseveratis,
1045 2547 1137 2611 vobis
1166 2546 1377 2634 praecipiendo

428 2647 628 2726 mandamus,
638 2649 890 2734 quminusjuxta
903 2648 1089 2712 mandatum
1100 2649 1242 2713 ‹lominae
1254 2649 1375 2734 reginae,

427 2751 515 2838 quod
538 2752 714 2836 suscepisti,
740 2763 913 2814 memorato
933 2751 1079 2814 Jordano
1093 2751 1263 2837 praefatam
1284 2748 1375 2817 eccle·

427 2854 504 2917 siam
522 2866 629 2918 tenere
643 2851 847 2939 permittatis,
861 2851 944 2913 sicut
959 2850 991 2912 in
1009 2851 1146 2915 transitu
1164 2851 1285 2916 domini
1297 2855 1375 2936 regia

426 2953 616 3019 auctoritate
631 2952 804 3037 apostolica
817 2950 1008 3037 possidebat.
1052 2950 1206 3037 Alioquin
1229 2975 1330 3039 quum
1345 2953 1374 3015 in

425 3055 545 3119 octavia
560 3056 662 3118 beatae
678 3055 790 3118 ittonae
806 3050 896 3116 nobis
911 3053 1137 3138 apparueritis,
1157 3066 1373 3139 contemptum

426 3166 543 3219 sanctae
566 3154 721 3215 Romanae
750 3151 889 3215 ecciesiae
919 3152 1084 3236 praeterire
1114 3173 1176 3214 non
1203 3153 1376 3239 poterimus

426 3254 632 3337 impunitum.
650 3255 693 3317 Et
704 3254 729 3316 si
740 3253 868 3317 domina
879 3252 1090 3339 regina,quod
1102 3254 1134 3316 in
1142 3253 1286 3319 edictum
1296 3254 1375 3339 regia

425 3355 634 3428 commisistis,
663 3354 822 3439 condigna
850 3356 1044 3419 correctione
1073 3353 1301 3435 emendaverit,
1323 3375 1376 3418 noa

425 3459 506 3523 iilud
522 3470 627 3522 ratum
647 3455 844 3531 habebimus,
861 3457 1010 3542 quoniam
1027 3477 1066 3518 ex
1082 3456 1277 3520 auctoritate
1290 3477 1377 3519 cano·

426 3584 514 3639 num,
528 3559 589 3623 nisi
599 3559 676 3643 jura
691 3556 797 3621 taliter
811 3570 1071 3629 contemnuntur,
1084 3554 1124 3619 ad
1140 3556 1376 3640 reprimendum

425 3662 577 3727 malitiam
594 3682 706 3725 manus
720 3657 902 3723 adhibenda
916 3671 962 3722 est
979 3658 1136 3721 militaris.
1167 3657 1377 3721 Prohibemua

424 3765 520 3828 etiam
536 3760 725 3826 auctoritate
740 3758 880 3823 eccieaioe
897 3762 1051 3823 Romanae
1066 3769 1096 3820 et
1111 3770 1232 3834 nostra,
1243 3781 1284 3822 ne
1299 3757 1376 3822 deci-

424 3888 492 3928 mas
506 3881 537 3928 et
560 3865 642 3927 bona
663 3862 803 3926 eccleaiae
822 3874 896 3924 ante
909 3859 1025 3945 judicii
1049 3878 1183 3921 examen
1202 3858 1375 3924 distrahere

426 3965 634 4051 praesumatis.
