3034 5500
277 782 340 840 258
532 789 670 835 Joaurns
685 785 970 833 sansssnnrsnsrs
1141 771 1222 849 [nn.

278 1053 498 1119 EPISTOLA
523 1052 748 1116 CLXV.-sn
764 1068 945 1114 nrcnnnnn
963 1069 1123 1114 menen
1138 1067 1225 1112 surr.

636 1150 683 1234 [s.
701 1173 732 1216 o.
753 1153 863 1232 1166]

584 1302 728 1365 Ricardo
734 1302 846 1384 fratri
860 1321 931 1363 suo.

322 1447 359 1509 Sr
379 1447 529 1508 affectum
552 1455 608 1505 aut
628 1462 741 1525 preces
764 1463 784 1504 a
805 1452 863 1504 tua
884 1443 1083 1507 salutatione
1105 1466 1227 1527 suspen·

280 1547 399 1625 derem,
413 1546 491 1609 mihi
513 1544 624 1607 salutis
646 1545 795 1626 propriae,
811 1563 883 1626 quae
906 1544 979 1608 sine
1003 1557 1061 1608 tua
1082 1568 1150 1610 esse
1170 1567 1226 1607 non

281 1658 399 1733 potest,
424 1647 535 1710 merito
563 1644 688 1707 viderer
718 1642 836 1724 gaudia
861 1646 1078 1729 praeclusisse.
1133 1647 1227 1722 Quum

279 1773 355 1833 ergo
370 1771 440 1813 eam
456 1749 495 1811 de
510 1767 597 1809 more
613 1746 817 1810 scribentium
833 1745 875 1808 sd
891 1748 1019 1810 amicos
1042 1750 1159 1833 pagina
1171 1769 1226 1809 non

280 1850 493 1936 praetenderit,
521 1870 587 1911 non
616 1847 692 1910 facit
719 1848 782 1910 hoe
813 1845 962 1910 desectus
1002 1851 1155 1924 caritatis,
1182 1859 1229 1910 ant

280 1974 360 2014 meae
375 1948 647 2035 pusillanimitatis
661 1960 778 2024 motus,
794 1945 850 2010 sed
873 1950 1111 2032 contemplatio
1128 1967 1228 2010 neces·

279 2053 383 2115 sitatis
405 2063 478 2115 tuae.
524 2052 570 2113 Ut
591 2070 667 2131 ergo
689 2071 762 2112 meo
788 2047 828 2110 de
851 2061 882 2111 te
908 2048 1073 2113 desiderio
1096 2049 1229 2123 satisfiat,

279 2153 365 2215 illius
379 2164 410 2214 te
429 2152 540 2215 salutis
562 2151 808 2233 participatione
829 2150 947 2212 salutet
962 2152 1160 2227 Altissimns,
1174 2169 1230 2232 qna

278 2253 367 2332 virgo
382 2271 547 2335 puerpera,
562 2250 654 2333 cujus
669 2251 982 2332 incorruptissimam
1004 2264 1146 2315 mentem
1166 2272 1227 2313 esse

279 2366 310 2418 et
325 2355 421 2416 suisse
435 2374 500 2414 non
521 2353 662 2433 ambige,
679 2353 782 2415 lilium
805 2373 896 2415 snum
919 2354 1141 2417 sincerissima
1160 2353 1230 2417 cari·

277 2465 342 2517 tate
360 2452 512 2536 cupiebat
533 2474 603 2516 esse
626 2455 808 2516 salutatum.
853 2454 984 2517 Miraris
1007 2456 1143 2519 sortasse
1163 2474 1228 2517 cnm

279 2555 410 2637 populo,
426 2562 548 2615 etcum
564 2553 678 2615 amicis
698 2552 800 2627 doles,
815 2552 904 2635 quod
925 2574 1056 2635 pacem,
1073 2576 1146 2639 qnae
1160 2554 1229 2616 milri

279 2675 299 2717 a
321 2653 521 2716 serenissimo
542 2673 617 2733 rege
641 2652 766 2732 Angliae
790 2653 899 2715 oblata
924 2653 1048 2717 dicitur
1073 2676 1154 2732 esse,
1174 2673 1231 2717 non

280 2757 398 2840 recepi,
419 2754 593 2839 praesertim
619 2775 716 2837 quum
744 2754 935 2818 litteratores
957 2769 990 2820 et
1013 2759 1163 2821 meliores
1182 2756 1231 2818 riri

281 2879 348 2920 non
374 2855 470 2919 modo
493 2854 688 2932 admiserint,
710 2853 767 2918 sed
794 2854 945 2919 ariditate
972 2858 1139 2942 rapuerint
1159 2878 1231 2921 eam.

281 2958 470 3021 Memineris
485 2965 592 3020 autem
607 2977 678 3018 eam
693 2958 753 3018 sub
776 2978 815 3020 ea
835 2956 915 3020 mihi
930 2957 1032 3022 fuisse
1056 2961 1233 3023 conditione

282 3061 434 3136 oblatam,
456 3080 519 3143 qna
541 3058 646 3134 Naue,
661 3058 717 3141 qni
739 3059 868 3121 vertitur
889 3059 923 3122 in
945 3077 1143 3143 serpentem,
1156 3063 1235 3146 prin·

281 3179 361 3241 ceps
375 3159 513 3222 filiorum
528 3162 646 3232 Arnon,
661 3159 717 3242 qni
731 3171 948 3242 coangustans
970 3183 1009 3225 ac
1027 3166 1235 3247 comprimens

281 3271 339 3337 est,
354 3271 409 3322 unt
430 3261 569 3344 populus
592 3260 746 3336 moeroris,
762 3262 795 3323 in
818 3261 1096 3328 consoedcratione
1117 3265 1235 3328 volebat

279 3359 424 3442 recipere
443 3358 635 3422 habitatores
656 3357 767 3437 Jebes,
782 3381 853 3443 quae
876 3360 997 3425 dieitur
1012 3365 1188 3437 exsiccata,
1201 3365 1232 3424 in

280 3458 417 3535 Gaiaad,
431 3459 544 3521 aculeo
561 3459 713 3524 videlicet
733 3462 917 3525 testimonii.
962 3466 1075 3548 Inquit
1096 3467 1181 3528 enirn
1201 3466 1232 3526 in

282 3560 456 3643 Scriptura,
472 3560 604 3623 Feriam
618 3561 778 3624 wbiacum
789 3564 912 3643 soedus,
926 3566 957 3626 si
971 3586 1084 3629 ernam
1099 3569 1234 3629 omnium

282 3671 422 3727 vestrum
443 3664 551 3725 oeulos
577 3663 730 3736 deuteros,
754 3684 937 3746 ponumqace
958 3687 1013 3729 eoa
1037 3669 1236 3751 opprobrium

283 3765 444 3830 universis
453 3766 555 3846 filiis,
569 3764 742 3845 elfinibus
755 3767 870 3829 Israel.
914 3768 1088 3833 Potuerem
1103 3791 1237 3854 nemque

282 3867 424 3950 recipere
448 3885 518 3947 quae
541 3864 630 3939 mihi,
644 3877 681 3927 ut
701 3867 825 3949 opinor,
838 3887 896 3949 per
918 3864 1069 3948 injuriam
1094 3870 1234 3934 auserun-

283 3975 345 4041 tur,
360 3965 387 4027 si
403 3974 521 4027 aeterna
534 3964 649 4027 vellem
672 3985 842 4049 usquequa
864 3977 1074 4051 postponere,
1090 3983 1123 4034 et
1144 3972 1234 4034 liber·

281 4074 381 4127 tatem
406 4065 538 4147 spiritus
568 4061 759 4147 pernicioso,
787 4078 821 4129 et
848 4077 934 4131 certe
965 4071 1232 4151 periculosissimo

282 4177 403 4229 arctare
422 4166 615 4248 juramento.
661 4169 700 4230 In
723 4189 783 4230 suo
805 4189 902 4231 sensu
925 4168 1066 4256 quisque
1088 4174 1233 4238 abundat

283 4268 357 4348 Ego
372 4266 520 4329 dextrum
541 4268 669 4329 oculum
693 4268 726 4330 in
751 4269 932 4333 coelestium
952 4276 1231 4358 contemplatione,

283 4379 316 4433 et
334 4366 399 4430 fide
422 4365 641 4444 invisibilium,
657 4378 689 4430 et
712 4369 887 4433 futurorum
911 4393 970 4455 spe
993 4376 1148 4459 occupari
1171 4396 1229 4437 non
