3034 5500
268 745 311 805 98
526 756 663 801 JonNNts
679 752 957 800 sanasaaruausrs
1128 731 1172 812 [r.
1186 748 1219 796 n.

269 910 390 987 beutes,
405 907 493 993 quod
516 910 619 970 zelum
639 905 777 993 justitiae
799 905 882 969 inter
903 904 1056 967 barbaros
1071 903 1221 982 retinetis,

267 1026 373 1076 ratum
400 1010 542 1075 babituri
569 1007 723 1094 quicquid
749 1006 923 1071 secundum
956 1005 1135 1072 Dominum
1161 1019 1220 1068 sta·

268 1113 367 1179 tuetis
381 1112 413 1176 in
436 1112 519 1192 illos,
535 1112 592 1196 qui
614 1109 802 1174 crucifixum
825 1109 942 1189 adbuc,
958 1110 1016 1194 qui
1040 1108 1071 1171 in
1096 1105 1222 1171 ecclesia

267 1215 451 1279 adorandus
466 1229 525 1294 est,
540 1224 788 1299 persequuntur.

560 1467 779 1529 EPISTOLA
804 1467 926 1529 XXVl.

308 1624 522 1686 duodennos
538 1637 636 1690 eram,
651 1629 753 1699 pater,
769 1614 793 1677 si
818 1636 878 1677 non
902 1615 1068 1679 conatibus
1092 1617 1173 1679 meis
1192 1619 1221 1680 in

266 1722 454 1787 executione
488 1717 628 1783 mandati
658 1717 753 1780 vestri
787 1716 953 1779 necessitas
983 1717 1093 1802 potius
1125 1740 1221 1803 quam

266 1823 461 1911 negligentia
477 1820 669 1885 obstetisset.
715 1821 805 1902 Ergo
825 1817 903 1902 quia
927 1818 1123 1901 Magistrum
1144 1819 1222 1882 Wil-

257 1925 407 1999 lelmum‚
419 1947 457 1987 ex
470 1945 537 2008 quo
548 1945 567 1984 a
578 1921 667 1984 vobis
677 1919 818 1997 discessi,
828 1919 935 1982 videre
948 1942 1009 1982 non
1020 1921 1126 2006 potui,
1137 1933 1224 1984 ante·

266 2048 362 2122 quam
380 2024 454 2087 visis
469 2023 584 2086 litteris
599 2021 711 2086 vestris
726 2024 832 2105 ipsum
849 2019 890 2083 ad
905 2018 989 2084 dom.
1010 2029 1047 2086 Α.
1064 2044 1122 2107 per
1138 2022 1219 2086 dom.

264 2125 535 2211 archiepiscopum
552 2122 592 2185 ad
608 2122 824 2207 impetrandas
841 2121 986 2186 inducias
1001 2123 1131 2186 fecerim
1150 2147 1221 2187 evo·

266 2227 341 2290 cari.
385 2224 559 2290 Laboravit
581 2222 622 2286 ad
645 2223 713 2286 boec
735 2223 1002 2310 archiepiscopus,
1024 2238 1055 2289 et
1083 2248 1144 2310 ego
1167 2225 1222 2289 ad·

264 2328 375 2393 bibitis
385 2328 477 2391 sociis
488 2325 640 2402 laboravi,
653 2325 707 2389 sed
721 2348 781 2388 non
798 2325 893 2410 periit
906 2326 939 2389 in
951 2350 988 2389 eo
1001 2327 1090 2390 labor
1107 2342 1221 2392 noster.

267 2430 380 2495 Veniet
402 2429 510 2515 itaque
532 2428 573 2492 ad
601 2427 684 2491 diem
709 2427 769 2492 sibi
796 2427 977 2512 praelixum‚
1001 2442 1033 2493 et
1056 2429 1142 2493 forte
1168 2430 1222 2516 qui

263 2546 390 2597 nostras
414 2529 617 2616 contempsit,
641 2529 666 2592 si
694 2543 798 2593 tamen
826 2551 950 2592 necesse
976 2529 1085 2605 fuerit,
1114 2554 1221 2617 preces

265 2645 389 2698 nostras
400 2631 559 2697 admittet.
583 2633 798 2696 Convenimus
810 2652 904 2715 super
915 2636 1044 2714 negotio
1056 2633 1223 2699 dominum

267 2738 509 2814 cicestrensem,
531 2734 733 2821 explorantes
758 2733 899 2797 animum
926 2735 996 2820 ejus
1022 2759 1122 2822 quem
1149 2761 1222 2824 pro·

264 2837 418 2903 culdubio
439 2838 472 2901 in
495 2837 554 2902 bac
581 2860 614 2901 re
642 2838 752 2901 timere
775 2857 838 2899 nou
866 2850 1005 2923 oportet,
1026 2839 1105 2923 quia
1130 2840 1222 2904 uobis

259 2939 472 3028 jurejurando
501 2939 651 3015 firmavit,
678 2938 766 3024 quod
795 2940 865 3002 licet
895 2939 952 3002 sibi
982 2940 1042 3025 ipsi
1073 2964 1221 3027 magnam

263 3042 447 3128 irrogaretis
461 3041 623 3126 injuriam,
639 3041 757 3104 nullam
782 3041 841 3104 sibi
857 3040 951 3105 vellet
968 3043 1035 3105 ficri
1053 3042 1219 3117 ultionem,

264 3144 325 3208 nisi
340 3143 420 3206 adeo
434 3144 571 3204 enormis
583 3154 674 3218 esset,
686 3142 775 3227 quod
791 3142 878 3206 salvo
895 3143 1012 3207 honore
1024 3145 1221 3209 dissimulari

263 3266 328 3310 non
357 3257 472 3329 posset.
519 3244 621 3308 Novit
650 3244 734 3306 enim
765 3243 976 3309 innocentiam
1008 3261 1158 3326 vestram,
1189 3262 1220 3311 et

264 3368 360 3433 quem
390 3346 423 3408 in
454 3368 487 3408 se
518 3345 660 3409 babeatis
686 3345 847 3410 affectum.
897 3346 1052 3434 Praecepit
1078 3373 1157 3435 ergo
1184 3361 1221 3415 ut

263 3448 353 3512 vobis
364 3447 532 3512 scriberem
544 3447 604 3511 sibi
617 3470 678 3511 non
691 3448 869 3533 displicere,
882 3450 906 3513 si
920 3452 1105 3516 mandatum
1118 3451 1220 3518 domi-

262 3551 295 3615 ni
311 3573 403 3637 papae
417 3549 458 3613 ad
476 3572 616 3633 unguem
633 3548 838 3636 exequimini.
886 3552 950 3616 Scit
963 3553 1057 3617 etiam
1074 3555 1152 3640 quia
1167 3575 1220 3618 ne-

262 3660 349 3717 cesse
363 3664 411 3715 est
427 3649 569 3714 vobisut
585 3650 666 3715 illud
681 3651 851 3737 impleatis.
897 3652 1011 3717 Vestro
1025 3675 1158 3740 quoque
1175 3657 1218 3718 A.

262 3753 352 3819 dedit
368 3754 399 3818 in
412 3753 569 3818 mandatis
581 3767 618 3818 ut
632 3754 720 3817 vobis
731 3754 829 3831 dicat,
842 3769 1001 3840 quatenus
1018 3742 1136 3841 scriptd
1148 3780 1219 3821 meo

260 3856 408 3920 credatis.
456 3855 552 3921 Scitis
567 3856 649 3919 forte
665 3878 765 3941 quare
781 3856 885 3942 ipsum
902 3856 962 3919 hoc
978 3856 1060 3919 idem
1083 3858 1219 3921 scribere

262 3976 325 4017 uon
352 3954 504 4019 decuerit.
551 3956 624 4017 Hoc
654 3954 784 4040 quidem
814 3955 883 4019 vult
910 3954 1020 4019 baberi
1051 3970 1218 4022 secretum.

263 4056 395 4119 Infesta
408 4054 621 4139 Magdalenae‚
631 4055 672 4118 de
683 4058 884 4138 pertiuentiis
894 4058 1032 4121 ecclesiae
1042 4058 1082 4122 de
1093 4059 1217 4135 Celcro,

261 4182 335 4247 quoe
346 4156 387 4221 ad
398 4157 453 4243 jus
464 4170 606 4221 vestrum
622 4157 771 4241 pertinet,
784 4172 858 4222 ante
869 4159 1034 4223 dominum
1048 4161 1216 4248 archicpis-

259 4256 376 4348 copum
392 4258 581 4340 litigabitur.
628 4256 769 4322 Consulo
792 4274 828 4324 ut
849 4261 918 4347 ipsa
941 4260 993 4325 die
1016 4262 1133 4350 aliquis
1150 4287 1216 4327 ves·

256 4378 381 4435 ‚trorum
398 4360 493 4443 adsit,
508 4361 611 4428 saltim
629 4383 739 4426 cursor
758 4385 832 4427 cum
855 4364 1015 4450 rescriptis
1035 4370 1214 4431 munimen·
