3034 5500
278 744 342 803 tot
514 753 650 798 Jorssrs
666 749 948 796 srussunursssrs
1146 735 1186 815 [ι.
1202 755 1227 797 n.

280 931 398 986 corum,
430 929 523 991 quam
556 905 716 970 continuis
742 905 806 967 fere
837 902 956 968 diebus
988 905 1099 980 andro,
1125 927 1229 969 coucu-

280 1011 398 1072 tiuutur
413 1009 521 1072 omnia
536 1008 658 1070 viscera
673 1027 762 1082 mea;
778 1026 885 1068 verum
902 1006 994 1069 nulla
1011 1006 1133 1071 doloris
1145 1029 1230 1071 causa

279 1111 433 1173 valentior
447 1122 502 1173 aut
517 1108 684 1171 violentior
705 1119 754 1171 est
779 1129 873 1192 quam
897 1108 990 1172 baec:
1020 1110 1171 1193 quoniam
1191 1111 1231 1173 ris

280 1212 414 1276 turbinis
429 1211 524 1295 hujus
543 1209 755 1294 quorumdam
779 1211 951 1284 mentibus,
968 1211 1012 1274 de
1032 1213 1151 1297 quibus
1164 1235 1231 1276 eon·

280 1313 432 1388 fidebam,
453 1325 486 1375 et
505 1313 560 1395 qni
577 1311 769 1375 videbantur
788 1310 913 1396 aliquid
932 1334 1017 1387 csse,
1034 1317 1188 1392 excussit,
1200 1325 1230 1377 ut

278 1436 410 1499 opernm
422 1414 605 1478 testimonio
617 1414 829 1488 convincitur,
842 1415 1024 1478 caritatem.
1055 1417 1102 1480 Et
1112 1417 1172 1480 boc
1181 1428 1232 1495 est,

280 1515 482 1594 amicissime,
490 1513 576 1601 quod
588 1514 622 1577 in
635 1514 766 1579 auribus
777 1515 851 1592 tuis,
862 1536 962 1598 quem
974 1516 1041 1579 illis
1053 1515 1231 1581 dissimilem

282 1617 406 1702 opinor,
421 1616 562 1702 deploro,
579 1616 666 1702 quod
682 1617 819 1680 colorem
837 1617 998 1700 optimum
1016 1616 1114 1681 rideo
1128 1619 1230 1682 immn-

281 1730 396 1795 tatnm,
410 1728 443 1782 ct
457 1731 622 1801 argentum
646 1717 788 1782 fidelium
805 1739 932 1782 versum
953 1741 1027 1782 esse
1043 1721 1077 1782 in
1094 1722 1230 1784 scoriam.

283 1822 408 1895 Quaeris
428 1822 558 1885 fortasse
576 1820 660 1883 uude
681 1821 743 1882 ista
757 1820 941 1904 conjiciam.
990 1821 1042 1884 Ad
1059 1821 1148 1906 qnod
1161 1844 1232 1903 ego:

283 1923 338 1986 Ex
358 1944 397 1986 eo
418 1923 488 1987 baec
511 1945 576 1985 non
599 1921 748 2005 conjicio,
763 1920 820 1984 sed
842 1921 1018 2001 convinco,
1032 1922 1121 2006 quod
1144 1945 1231 2008 quum

281 2024 400 2086 multos
416 2022 538 2086 amieos
553 2022 719 2085 habuerim
734 2022 769 2085 iu
785 2023 947 2106 prosperis
961 2024 1169 2102 constitutus,
1183 2022 1230 2088 rix

281 2143 363 2185 nnus
378 2135 411 2184 et
424 2124 505 2186 alter
518 2123 640 2185 inventi
656 2134 742 2202 sunt,
751 2123 807 2208 qui
821 2123 856 2185 iu
870 2121 1025 2199 adversis,
1041 2136 1080 2187 ut
1094 2126 1231 2203 creduut,

279 2222 431 2307 positum,
446 2236 501 2287 aut
513 2224 612 2286 velint
626 2237 682 2288 aut
696 2224 837 2290 audeant
851 2227 1005 2289 salutare:
1023 2241 1232 2292 verumtamen

280 2325 308 2387 si
322 2324 524 2388 salutationis
546 2323 625 2386 mihi
645 2325 819 2408 impertitae
840 2346 916 2408 spes
934 2324 975 2388 iis
996 2325 1154 2393 damnosa
1173 2346 1232 2393 erat

280 2425 394 2503 lutura,
409 2427 507 2502 malo,
528 2424 605 2488 dnm
626 2436 735 2489 tamen
757 2426 873 2491 caritas
892 2448 958 2489 nou
983 2430 1191 2513 periclitetur,
1203 2448 1235 2496 nt

280 2546 300 2590 a
321 2527 510 2611 periculosis
530 2527 697 2606 desistant,
718 2549 814 2612 qnam
838 2528 1013 2593 occasione
1036 2531 1101 2595 mei
1116 2535 1231 2617 pericli·

280 2639 396 2693 lentur.
427 2627 492 2692 Sed
504 2630 635 2693 sortasse
646 2652 733 2693 meas
744 2631 886 2714 recipere
896 2631 1022 2694 litteras
1033 2633 1230 2700 criminosum

281 2743 342 2811 eat,
356 2731 448 2796 etsie
464 2743 575 2816 potero
592 2731 737 2795 cohiberi
752 2753 794 2796 ne
808 2733 961 2811 scribam,
973 2755 1085 2798 verum
1099 2737 1230 2802 Domino

282 2844 423 2914 auctore,
449 2845 484 2898 ut
510 2835 640 2913 amicos,
665 2845 697 2897 et
723 2836 821 2900 etiam
843 2836 953 2898 miuus
976 2836 1161 2921 diligentes,
1182 2853 1231 2906 aut

282 2938 413 3002 omniuo
428 2936 576 3003 adversos
591 2960 655 3001 nou
671 2936 812 3021 diligam,
824 2939 932 3001 nullus
947 2941 1070 3022 poterit
1080 2943 1228 3009 inhibere.

282 3042 348 3105 Sed
364 3041 404 3105 de
420 3037 471 3104 bis
485 3042 651 3106 hacteuus.

326 3145 377 3206 De
398 3154 512 3207 caetero
531 3165 653 3227 precor,
673 3152 709 3207 nt
728 3144 855 3206 fratrem
877 3166 996 3223 meum,
1013 3148 1070 3232 qui
1084 3161 1118 3212 et
1131 3150 1158 3212 si
1173 3170 1230 3212 nou

281 3245 409 3327 plenam
433 3245 579 3325 gratiam,
603 3265 698 3330 qnam
729 3266 894 3329 uunquam
925 3246 1098 3329 demeruit,
1124 3271 1231 3333 pacem

279 3356 384 3408 tamen
415 3344 537 3408 domiui
568 3349 652 3431 regis
681 3346 816 3431 adeptus
839 3359 897 3426 est,
921 3348 1045 3415 babeas
1074 3374 1231 3417 commen·

279 3444 400 3524 datum,
422 3457 455 3509 et
481 3447 612 3512 domiuo
638 3471 710 3513 meo
735 3449 890 3535 episcopo
920 3452 1125 3519 Norwicensi
1150 3476 1229 3519 com·

279 3549 432 3614 mendes:
464 3558 495 3611 et
518 3551 669 3633 quoniam
690 3551 769 3615 mihi
791 3563 854 3616 tres
876 3574 1002 3618 marcas
1025 3554 1067 3620 de
1089 3556 1231 3641 prasenti

280 3652 361 3717 sesto
384 3651 494 3717 Sancti
515 3653 652 3717 Joannis
671 3652 804 3719 reddere
823 3677 888 3719 non
913 3655 1058 3735 auderet,
1074 3682 1187 3744 precor
1200 3670 1230 3723 ut

280 3774 335 3818 eas
350 3774 554 3840 quocumque
569 3753 702 3817 voluerit
724 3755 854 3819 nomine
878 3758 1048 3823 transferat
1062 3761 1097 3824 iu
1113 3761 1229 3825 fratrem

280 3878 399 3934 meum,
427 3855 503 3940 quia
532 3854 686 3940 quicquid
715 3856 746 3919 ei
775 3857 853 3919 boni
883 3857 1005 3936 fecerit,
1031 3862 1154 3943 gratius
1181 3882 1229 3926 ac·

280 3960 429 4038 captabo,
444 3978 539 4041 quam
556 3958 583 4021 si
599 3956 678 4020 mihi
699 3958 734 4020 iu
757 3959 887 4044 propria
908 3980 1048 4043 persona
1070 3973 1156 4029 esset
1175 3985 1228 4027 ex·

280 4055 427 4120 bibitum.
