3034 5500
278 753 479 833 riso—m]
668 772 846 817 nrrsronn.
1172 767 1233 824 lus

275 936 351 987 oeret
376 922 450 1000 alii,
474 936 532 989 aut
558 937 719 1010 quaestum
742 923 859 989 faceret
882 924 953 1004 sibi,
976 925 1121 1012 spoliare.
1168 929 1231 993 Sed

274 1024 388 1088 amodo
404 1025 481 1105 erit,
496 1038 627 1089 auctore
650 1025 800 1101 Domino,
816 1025 1049 1093 alienissimum.
1097 1033 1171 1093 Non
1192 1029 1232 1093 ad

275 1122 425 1211 injuriam
442 1125 583 1212 alicujus
597 1126 666 1191 brec
682 1127 796 1190 scribo.
842 1128 902 1191 Sed
923 1128 1062 1216 depingo
1076 1152 1232 1216 organum

277 1229 415 1308 Satanae,
437 1228 526 1314 quod
550 1229 611 1293 sub
629 1228 726 1316 pallio
748 1228 846 1315 hujus
868 1232 1063 1318 quandoque
1085 1232 1232 1298 ridemus

276 1330 420 1397 latitare:
453 1331 581 1396 latitare
603 1331 746 1418 inquam,
769 1345 802 1396 at
828 1332 963 1396 insanire
985 1347 1017 1398 et
1043 1334 1230 1400 debacchari

277 1436 394 1497 rectius
408 1433 558 1498 dixerim.
604 1436 727 1498 Nomen
744 1433 826 1497 enim
850 1436 1017 1499 honestum
1040 1448 1070 1499 et
1094 1437 1182 1516 utile,
1198 1455 1230 1501 et
1250 1521 1253 1524 ἢ

278 1535 437 1599 asanctis
459 1535 607 1622 patribus
631 1535 765 1620 proinde
794 1535 978 1600 institutum
1008 1548 1068 1614 est,
1090 1538 1143 1601 sed
1171 1540 1232 1603 sub

277 1635 433 1701 relamine
459 1637 599 1723 pietatis,
619 1637 764 1722 rectique
790 1636 896 1714 officii,
919 1637 1040 1700 vesanit
1064 1638 1147 1702 actio
1172 1642 1229 1703 im·

279 1737 410 1822 pudica,
424 1760 508 1803 caeca
529 1737 674 1817 ambitio,
689 1736 862 1802 crudelitas
884 1737 994 1823 impia,
1006 1737 1138 1823 insignis
1158 1762 1233 1804 ava·

281 1838 368 1918 sitia,
381 1840 527 1927 impurus
548 1853 580 1904 et
602 1838 774 1927 impudens
796 1857 937 1924 questus.
983 1840 1069 1918 Quid
1091 1839 1233 1907 delatore

282 1962 369 2020 sene,
384 1941 554 2020 sacerdote,
569 1944 736 2028 impurius,
749 1941 984 2028 impudentius,
999 1955 1055 2007 aut
1070 1943 1231 2029 nequius?

282 2040 454 2125 Numquid
466 2055 585 2106 tantam
598 2041 692 2106 samae
703 2054 735 2106 et
746 2041 945 2106 conscientia
955 2042 1114 2129 jacturam
1127 2042 1233 2124 faciet,

281 2152 316 2204 ut
332 2139 457 2228 placeat
473 2141 664 2206 satellitibus
675 2144 796 2207 curiae?
826 2153 883 2206 aut
898 2141 1059 2228 quomodo
1073 2145 1098 2206 si
1110 2143 1156 2208 eis
1167 2142 1231 2207 dis-

279 2241 443 2326 plicuerit,
456 2242 673 2308 ministrabit?
706 2244 745 2307 ln
769 2265 902 2317 summa,
919 2256 975 2307 aut
997 2243 1081 2321 illos,
1095 2256 1151 2310 aut
1175 2268 1231 2310 vos

280 2343 410 2409 habebit
428 2344 572 2420 infestos,
584 2367 686 2431 quum
702 2358 851 2410 neutrum
867 2349 896 2411 ei
911 2345 1072 2431 expediat,
1084 2359 1140 2410 aut
1156 2348 1231 2413 suis.

279 2447 405 2510 Parcite
419 2470 497 2533 ergo
511 2447 624 2523 amico,
636 2470 693 2511 nec
707 2447 736 2511 ei
749 2446 934 2522 multorum,
947 2461 977 2512 et
994 2447 1081 2533 quod
1094 2451 1232 2514 maxime

281 2570 438 2626 veremur,
468 2548 599 2613 Domini
627 2549 809 2614 inimicitias
839 2549 1025 2635 procuretis.
1072 2551 1232 2615 Noveritis

280 2664 387 2716 autem
411 2651 490 2737 quia
512 2653 659 2715 dominus
680 2651 936 2738 archiepiscopus
958 2651 1142 2737 petitionem
1165 2676 1231 2717 ves·

282 2767 363 2819 tram
379 2754 510 2818 omuino
532 2754 692 2840 reprobat,
708 2777 765 2818 nec
787 2754 924 2837 aliquem
948 2776 988 2817 ex
1010 2753 1118 2816 amicis
1139 2754 1231 2817 deca·

281 2878 356 2921 num
368 2855 569 2943 hujusmodi,
579 2855 612 2919 id
627 2869 675 2920 est
689 2855 862 2919 delatorem
878 2855 1149 2933 convicaneorum,
1163 2854 1231 2918 fieri

282 2956 466 3024 sustinebit.
1227 2968 1229 2971 '

283 3285 506 3352 EPISTOLA
527 3288 1229 3351 LXXVIII.-aucaucnsmn1urrancora.

324 3441 344 3504 J
347 3457 436 3503 um
448 3436 635 3502 mandatum
650 3433 829 3499 dilectionis
841 3444 966 3510 vestrae,
976 3432 1097 3499 litteras
1111 3434 1231 3501 domini

283 3540 344 3603 mei
371 3538 413 3603 ad
439 3538 604 3603 dominum
631 3559 737 3622 regem
763 3550 795 3600 et
820 3558 876 3599 vos
901 3535 960 3599 sub
982 3558 1019 3598 ea
1043 3525 1233 3601 auctoritate

283 3662 502 3727 conceperam,
528 3653 565 3703 ut
591 3638 683 3703 vobis
711 3636 866 3702 redeundi
893 3636 1041 3701 festinata
1066 3639 1234 3703 necessitas

283 3740 555 3822 indiceretur,nisi
564 3740 681 3804 crimen
692 3736 915 3803 inobedientiae
924 3736 1235 3818 malletisincurrere,
1289 3756 1293 3764 ·

284 3856 404 3908 etcum
420 3865 518 3929 poena
532 3840 742 3906 anathematis
756 3838 957 3925 dispendium
975 3839 1141 3914 bonorum,
1157 3861 1234 3926 quae

284 3942 541 4011 aCantuariensi
563 3941 691 4007 ecclesia
711 3940 846 4016 habetis,
863 3939 1026 4004 sustinere.
1072 3942 1233 4007 Caeterum

285 4047 322 4111 ad
339 4068 450 4134 preces
466 4046 569 4132 regias
580 4045 622 4109 ab
633 4044 794 4129 insperato
804 4063 862 4130 per
878 4042 1050 4126 Hugonem
1066 4041 1106 4104 de
1123 4043 1236 4108 Doura

285 4148 414 4214 domino
441 4171 512 4211 meo
537 4159 698 4234 porrectas
723 4166 795 4208 cum
825 4142 989 4208 blanditiis
1014 4156 1046 4207 et
1076 4143 1236 4228 promissi.

284 4253 399 4318 onibus
421 4248 623 4328 transmissis,
636 4247 723 4310 hunc
746 4256 873 4311 coactus
891 4268 973 4322 sum,
991 4256 1125 4328 urgente
1147 4267 1234 4308 man-

286 4356 358 4422 dato
382 4353 506 4419 domini
532 4351 606 4427 mei,
630 4365 804 4435 temperare
830 4350 979 4430 rigorem,
1003 4359 1034 4408 et
1056 4345 1234 4409 necessitati
