3034 5500
157 755 358 836 tros-61]
556 774 733 824 srrsrotm.
1078 771 1120 831 49

151 925 320 1003 statuistis,
336 926 363 992 si
374 929 503 1014 justum
519 929 715 1014 apparuerit,
732 931 963 1009 roborabimus,
979 956 1112 999 evacua-

150 1027 255 1091 bimus
267 1026 294 1091 si
306 1026 407 1094 suerit
416 1029 583 1115 injustum.
613 1030 715 1096 Nobis
725 1032 807 1096 enim
821 1033 934 1098 merita
942 1057 1110 1100 causarum

151 1127 278 1194 facilius
297 1128 485 1206 clarescent,
500 1144 717 1217 poteruntque
736 1147 843 1218 partes
858 1137 925 1200 sine
941 1137 1109 1202 vexatione

146 1231 306 1317 justitiam
338 1233 503 1319 consequi,
533 1246 565 1299 et
595 1234 754 1319 religionis
783 1236 889 1302 cultus
918 1238 950 1303 in
979 1238 1109 1303 ecclesia

151 1336 331 1412 reformari,
348 1336 375 1402 si
390 1336 529 1422 partium
541 1338 710 1402 assertione
721 1339 838 1404 veritas
849 1340 1033 1406 innotuerit.
1061 1343 1108 1406 Et

152 1438 213 1502 hoc
239 1437 336 1502 modo
362 1439 499 1525 regium,
525 1440 582 1525 qui
608 1442 858 1524 pernecessarius
880 1457 939 1522 est,
962 1445 1108 1529 poteritis

150 1541 289 1604 retinere
303 1541 456 1617 savorem,
471 1564 567 1627 quem
582 1542 735 1608 amittetis
749 1544 889 1620 omnino,
905 1545 930 1608 si
945 1545 1107 1610 ecclesiam

150 1663 240 1706 suam
254 1642 365 1728 aliqua
375 1644 580 1728 improbitate
591 1643 756 1709 volueritis
767 1646 961 1711 conculcare.
987 1648 1019 1711 Si
1034 1670 1108 1710 vero

151 1757 328 1808 memorata
343 1743 394 1807 die
411 1743 592 1810 conditione
610 1746 798 1832 praescripta
813 1746 921 1812 adesse
941 1748 1107 1834 placuerit,

152 1845 262 1923 nobis,
277 1846 304 1909 si
326 1845 437 1931 placet,
451 1847 518 1912 sine
540 1871 631 1913 mora
652 1849 827 1928 rescribite,
842 1863 897 1915 aut
919 1851 945 1915 si
967 1850 1108 1915 conditio

150 1945 371 2032 displicuerit:
397 1948 544 2015 indecens
560 1951 644 2035 enim
660 1965 718 2026 est,
735 1950 761 2014 si
775 1965 832 2015 aut
850 1974 906 2016 nos
920 1951 1104 2017 deludimur

149 2047 194 2111 ab
208 2048 330 2127 amicis,
345 2064 400 2114 aut
414 2050 532 2114 amicos
544 2049 740 2115 deludimus.
779 2053 901 2118 Valete.

296 2336 533 2403 EPISTOLA
561 2340 820 2409 XLVlll.-.to
835 2362 963 2408 annau.

328 2505 368 2567 Τ.
386 2506 645 2584 cantuariensis,
660 2511 728 2591 sepi
741 2509 932 2592 Anglorum.

193 2665 247 2728 Er
263 2663 289 2726 si
304 2662 441 2750 propriis
455 2676 486 2728 et
509 2663 639 2750 privatis
657 2687 828 2751 urgeamur
847 2667 1012 2751 angustiis,
1029 2689 1102 2753 pro·

149 2764 234 2829 cellis
250 2779 357 2830 tamen
379 2762 513 2849 publicis
528 2764 629 2848 magis
651 2764 832 2849 affligimur,
848 2778 879 2827 et
901 2765 1017 2830 fortius
1030 2785 1102 2827 cru-

148 2867 279 2933 ciamur.
318 2867 387 2929 Nos
401 2864 486 2928 enim
501 2863 532 2927 in
549 2864 677 2949 propria
691 2886 827 2949 persona
842 2886 954 2927 manus
970 2865 1100 2928 Domini

149 2968 302 3047 visitavit,
325 2967 356 3030 in
381 2965 506 3051 flagello
530 2965 707 3030 clementiae
733 2986 811 3040 suae,
834 2976 866 3028 et
890 2964 930 3027 de
952 2963 1047 3048 longa
1069 2978 1100 3028 et

148 3074 238 3158 gravi
259 3069 446 3135 infirmitate
467 3067 702 3155 aliquantulum
722 3069 790 3154 jam
813 3067 924 3131 erexit.
978 3070 1101 3131 Verun-

149 3186 253 3236 tamen
283 3169 369 3234 omni
398 3168 583 3235 infirmitate
613 3168 741 3252 gravior
767 3181 815 3233 est
840 3168 955 3231 animm
984 3181 1100 3232 nostrae

147 3274 285 3360 procella
311 3271 488 3348 discordiae,
510 3294 584 3357 quae
610 3270 750 3336 Domino
776 3269 979 3355 permittente
1005 3269 1099 3335 scidit

145 3375 318 3451 ecclesiam,
334 3396 495 3460 regnaque
510 3370 661 3437 collidens
675 3384 708 3435 et
723 3372 933 3458 principatus,
945 3394 965 3435 a
978 3372 1098 3458 populo

146 3477 275 3542 Domini
306 3476 505 3540 securitatem
537 3474 676 3538 excussit
705 3488 737 3537 et
767 3495 887 3559 pacem.
938 3474 1019 3537 Haec
1048 3488 1096 3539 est

146 3580 272 3645 alllictio
289 3591 400 3643 nostra
416 3576 615 3664 quotidiana,
631 3576 680 3639 hic
700 3576 843 3640 omnium
859 3578 1014 3642 bonorum
1027 3577 1097 3662 jus-

146 3682 286 3748 tissimus
308 3679 449 3743 doloret
470 3676 685 3742 amarissimus
698 3677 850 3761 gemitus,
865 3676 1041 3763 etquidem
1058 3698 1097 3740 eo

145 3781 291 3858 amarior,
307 3778 395 3865 quod
416 3782 448 3843 in
466 3777 608 3841 absentia
630 3787 734 3840 vestra
747 3777 859 3842 incerti
881 3800 993 3842 sumus
1015 3778 1097 3863 quid

142 3906 270 3969 sperare
299 3894 457 3968 oporteat,
483 3879 562 3967 quid
594 3879 712 3944 timere.
759 3878 840 3944 Inde
867 3894 915 3945 est
945 3881 1033 3966 quod
1062 3882 1097 3946 in

144 3985 288 4052 absentia
303 3996 410 4047 vestra
430 3981 590 4047 serenitati
612 3993 727 4045 vestrae
747 3981 953 4045 affectuosius
973 3981 1096 4068 snppli-

141 4111 260 4163 camus,
286 4100 324 4151 ut
351 4109 408 4150 nos
432 4085 474 4149 de
499 4099 585 4149 statu
615 4099 720 4149 vestro
750 4082 900 4148 sollicitos
925 4085 1094 4149 certiorare

143 4190 329 4278 dignemini.
386 4188 421 4253 Si
446 4188 530 4251 enim
556 4210 605 4251 res
631 4201 743 4251 vestrae
772 4208 932 4273 prosperae
961 4186 1092 4263 fuerint,

142 4315 307 4381 speramus
327 4291 359 4355 iu
382 4290 533 4369 Domino,
547 4289 624 4375 quia
647 4311 702 4352 uos
724 4302 754 4353 et
778 4289 909 4352 ecclesia
931 4288 1005 4363 Dei,
1021 4311 1093 4372 quae

141 4396 227 4482 apud
243 4417 300 4458 sos
315 4404 376 4467 est,
388 4390 635 4476 prosperabitur.
668 4390 749 4454 Nam
762 4388 794 4452 in
807 4390 929 4452 unitate
939 4386 1093 4464 consistit,

184 4516 259 4562 Vol..
278 4516 301 4563 1.
605 4512 625 4554 Ε
