3034 5500
86 4680 206 4876 Ὗ

255 763 320 819 262
527 770 666 814 rosxsrs
681 767 967 812 sansssaaressis
1125 751 1167 831 [s.
1186 771 1211 814 o.

263 946 337 988 vero
355 923 533 986 rotunditas
553 921 761 1004 perfectionis
777 920 938 984 iudicium
958 932 1020 997 est,
1041 935 1078 983 ut
1097 923 1213 984 mitten·

262 1040 325 1089 tem
354 1025 481 1101 doceat,
509 1026 541 1086 in
576 1023 716 1104 praefatis
746 1023 918 1085 virtutibus
954 1035 1216 1086 consummatum.

265 1129 440 1190 Gemmeus
470 1126 573 1204 sulgor
610 1125 767 1186 elucentis
804 1122 989 1206 prudentiae
1021 1138 1055 1186 et
1084 1126 1217 1187 scicntia

264 1230 372 1306 imago
387 1240 444 1290 est.
490 1224 589 1301 Quid,
600 1224 688 1308 quod
703 1227 792 1288 color
805 1227 875 1308 ipse
891 1226 1037 1287 coelcstis
1052 1228 1219 1289 rectissime

266 1333 383 1407 innuit,
398 1351 464 1412 quo
485 1329 520 1390 in
542 1329 668 1390 actibus
690 1329 757 1390 suis
780 1329 946 1411 praecipue
969 1328 1085 1392 tendat
1103 1330 1220 1391 animus

270 1428 449 1493 mittentis?
490 1430 599 1513 lpsum
622 1450 696 1490 vero
718 1428 837 1512 lapidis
859 1449 981 1490 nomen
1004 1430 1172 1492 verborum
1193 1440 1221 1492 et

269 1551 402 1613 operum
417 1528 565 1609 designat
576 1540 784 1590 venustatem.
828 1528 1016 1611 Jacynthus
1032 1530 1131 1607 enim,
1144 1529 1171 1590 si
1184 1528 1221 1590 de

271 1632 380 1693 t'ormae
404 1631 513 1710 gratia,
538 1628 689 1691 dictionis
717 1627 921 1691 attendamus
947 1631 1120 1712 originem,
1142 1643 1221 1693 totus

272 1733 343 1809 flos,
358 1732 409 1794 vel
424 1731 640 1793 universaliter
651 1731 768 1792 floreus
785 1730 1022 1813 iuterpretatur.
1056 1735 1098 1796 Ja
1112 1733 1220 1795 etenim

271 1833 481 1895 universalem
503 1842 606 1907 sonat,
620 1842 652 1892 et
666 1831 803 1913 cynthus
818 1832 952 1894 vertitur
967 1834 1002 1895 in
1018 1835 1141 1896 florem.
1182 1833 1222 1896 Et

270 1955 312 1997 ne
338 1935 371 1996 in
398 1933 494 2014 hujus
517 1933 714 2015 tempestatis
738 1933 873 1995 articulo
899 1933 984 1997 fides
1009 1937 1151 2012 vacillet,
1174 1947 1222 1997 aut

270 2035 421 2097 humanis
444 2033 706 2115 persuasionibus
729 2033 811 2094 ratio
839 2033 1028 2110 seducatur,
1054 2050 1089 2098 et
1116 2058 1218 2118 super·

272 2136 404 2216 scriptio
420 2133 518 2195 tidem
533 2133 716 2212 confirmat,
727 2146 760 2196 et
771 2135 931 2198 illuminat
947 2140 1115 2200 rationem.
1145 2140 1220 2200 Nam

270 2235 427 2297 rationem
447 2234 488 2295 ab
510 2254 613 2294 errore
634 2255 776 2315 purgans
790 2256 862 2297 eum
883 2237 982 2300 mittit
996 2238 1040 2301 ad
1056 2239 1223 2312 Christum,

273 2349 306 2399 et
334 2357 375 2398 ne
405 2334 668 2396 tribulationibus
697 2347 731 2398 et
760 2338 915 2418 pressuris
946 2338 1125 2403 Christiani
1149 2339 1223 2402 fides

271 2439 314 2501 ab
343 2435 528 2499 infirmitate
558 2433 700 2514 deficiat,
730 2438 895 2501 victoriam
924 2442 1062 2505 ascribit
1091 2441 1221 2504 Christo.

273 2540 399 2612 Quibus
414 2536 544 2600 duobus
561 2538 669 2601 serbis
683 2553 715 2601 et
731 2538 814 2602 fides
828 2541 870 2602 ab
890 2540 1091 2621 infirmitate,
1106 2555 1139 2606 et
1150 2543 1223 2607 ratio

273 2646 314 2708 ab
330 2662 433 2704 errore
450 2651 609 2722 purgatur.
647 2642 692 2703 Et
706 2641 783 2725 quia
798 2641 873 2704 finis
888 2664 1009 2727 pugnae
1025 2645 1156 2709 victoria
1170 2655 1224 2721 est,

274 2757 308 2808 et
335 2741 455 2806 fructus
485 2740 626 2802 rictoriae
661 2763 791 2819 corona,
826 2742 957 2807 Christo
993 2760 1222 2831 consequenter

273 2866 406 2928 regnum
434 2842 589 2917 attribuit,
610 2855 645 2904 ut
664 2864 737 2905 cum
761 2865 800 2906 eo
824 2859 1080 2927 conregnaturos
1106 2849 1223 2924 doceat,

276 2950 421 3033 quicum
445 2945 574 3009 Christo
595 2945 803 3008 certaminum
824 2960 857 3009 et
879 2948 1027 3012 laborum
1042 2951 1223 3015 discrimina

276 3050 486 3132 pertulerunt,
509 3062 542 3109 et
563 3044 760 3109 adversarios
783 3047 864 3131 ejus,
886 3050 1020 3131 quando
1043 3053 1174 3135 justitia
1193 3056 1222 3117 in

270 3150 429 3234 judicium
453 3158 665 3224 concertetur,
687 3149 878 3212 contritione
900 3161 934 3212 et
955 3152 1149 3218 contusione
1171 3155 1223 3218 du·

275 3251 352 3333 plici
368 3248 593 3311 conterendos.
639 3249 674 3311 Si
692 3249 823 3333 quidem
843 3250 945 3314 honor
959 3255 1046 3333 regis
1063 3257 1221 3339 judicium

275 3348 390 3430 diligit,
413 3360 442 3412 et
467 3351 553 3412 oculi
575 3350 646 3432 ejus
669 3350 778 3413 rident
803 3351 878 3435 quia
903 3352 1012 3435 diligit
1033 3360 1221 3441 aequitatem.

275 3454 358 3516 Nam
375 3452 430 3513 ubi
445 3472 543 3529 amor,
557 3453 602 3513 ibi
617 3453 738 3514 oculus.
784 3453 829 3515 Et
843 3454 912 3515 haec
930 3456 1008 3518 mibi
1021 3458 1145 3522 videtur
1159 3482 1223 3523 esse

275 3554 408 3616 duarum
438 3554 611 3635 conceptio
647 3555 844 3616 clausarum:
882 3556 976 3619 tertia
1007 3581 1083 3621 vero
1112 3584 1224 3625 nomen

275 3653 394 3721 Christi
414 3655 539 3736 repetit,
560 3671 593 3718 et
613 3655 737 3737 imperii
759 3657 871 3719 reticet
893 3656 1097 3738 dignitatem,
1111 3686 1149 3726 ea
1164 3665 1224 3727 dis·

275 3756 462 3839 pensatione
479 3768 512 3817 ut
526 3757 671 3831 arbitror,
686 3776 751 3838 quo
772 3766 805 3819 et
824 3758 949 3820 animus
967 3763 1174 3845 suscipientis
1194 3767 1225 3827 in

276 3868 514 3939 persecutorum
530 3877 657 3919 suorum
675 3858 806 3933 victore,
820 3871 854 3921 et
867 3861 995 3940 Regum
1008 3863 1100 3944 Rege
1117 3865 1225 3946 figatur

277 3958 415 4035 Christo,
432 3959 525 4041 eique
549 3959 707 4021 cohaereat
728 3961 993 4043 inseparabiliter,
1009 3978 1043 4026 et
1065 3979 1100 4027 ut
1121 3978 1225 4030 osten·

275 4056 368 4118 datur
387 4079 452 4120 non
474 4080 544 4121 esse
564 4059 658 4120 hodie
678 4059 914 4141 imperatorem,
930 4064 984 4145 qui
1006 4063 1049 4125 ad
1066 4065 1224 4130 Christum

276 4157 444 4241 pertineat,
461 4179 559 4241 quum
582 4159 808 4225 schismaticus
830 4164 965 4244 pervim
985 4175 1019 4226 et
1039 4165 1182 4230 fraudem
1196 4182 1226 4231 et

274 4259 379 4321 labem
394 4256 626 4334 haereticorum,
641 4260 748 4322 nitens
769 4262 974 4325 insecabilem
993 4265 1144 4331 scindere
1159 4270 1223 4330 uni-

211 4349 217 4358 ’
277 4357 611 4437 tatem,integritatem
626 4381 840 4444 corrumpere,
855 4362 1011 4425 incestare
1027 4368 1222 4446 pudicitiam,
