3034 5500
288 752 352 812 240
546 762 685 808 rosnnrs
701 761 986 809 ssaasnanrausrs
1156 746 1199 827 [a
1216 767 1241 813 n.

288 918 393 980 nullus
404 913 527 980 auferre
543 897 668 1000 potest:
692 914 734 980 ad
745 915 913 981 hoc‘nulla
927 916 1082 1000 proficiet
1093 916 1243 997 violentia,

287 1019 448 1101 totiusque
463 1017 682 1081 fraudulentiae
698 1027 834 1081 conatus
850 1019 1076 1097 evacuabitur,
1092 1020 1145 1082 Eo
1157 1020 1240 1084 mise

286 1117 450 1181 ricorditer
471 1120 625 1200 largiente
650 1117 840 1201 profectum,
863 1117 921 1201 qui
945 1119 1088 1200 gratrrita
1107 1121 1241 1185 boniare

288 1216 427 1283 caritatis
439 1219 531 1283 dedit
541 1221 677 1283 initium.
715 1219 790 1283 Erit
799 1219 911 1303 itaque
927 1219 1131 1301 dignationis
1141 1232 1242 1285 vestre

288 1323 485 1405 naufragium
496 1322 669 1399 Ecclesia,
678 1332 710 1386 et
721 1322 854 1386 exulum
866 1321 991 1385 Christi
1004 1322 1241 1402 sollicitudines,

287 1434 320 1487 et
340 1425 476 1502 labores,
492 1423 616 1498 vestris,
632 1434 664 1487 et
686 1435 867 1488 sauctorum
890 1424 948 1508 qui
970 1424 1142 1488 vobiscum
1164 1437 1241 1500 sunt,

287 1526 484 1589 orationibus
498 1526 680 1589 sublevare:
704 1536 739 1588 ut
754 1525 882 1608 quinos
898 1524 1073 1589 tentationi
1088 1527 1241 1611 exposuit,

287 1640 320 1693 ct
341 1649 399 1712 pro
422 1648 457 1691 se
482 1627 625 1712 patiendi
648 1627 785 1690 contulit
806 1627 961 1704 animum,
983 1628 1153 1712 patientia
1177 1650 1242 1712 per·

287 1730 496 1793 severantiam
521 1729 682 1811 largiatur,
708 1729 792 1791 Hoec
816 1734 874 1802 est,
896 1730 997 1807 euim,
1019 1732 1145 1812 qratia,
1166 1732 1241 1795 sicut

286 1831 400 1895 Petrus
417 1831 569 1915 loquitur,
584 1839 620 1893 ut
635 1829 753 1894 Christi
777 1839 810 1893 et
831 1844 1016 1893 sanctorum
1040 1831 1239 1914 passionibus

285 1933 396 1996 saltem
420 1933 624 2016 aliquatenus
645 1931 933 2008 communicemus,
948 1931 1028 1995 certi
1052 1931 1142 2016 quod
1157 1952 1235 1995 com·

284 2034 442 2116 patientes
469 2044 502 2096 et
531 2033 783 2114 conregnabunt.
830 2031 1002 2115 Numquid
1027 2033 1115 2095 enim
1141 2034 1236 2096 clerus

283 2135 445 2197 institutus
467 2145 517 2195 est
539 2145 575 2196 ut
597 2131 781 2210 comedens,
795 2133 921 2207 bibens,
943 2143 1095 2209 stertens,
1112 2146 1234 2198 mortem

283 2244 443 2315 expectet,
466 2244 498 2295 et
527 2233 620 2295 variis
648 2233 786 2295 luxuriae
815 2231 1036 2296 incitamentis
1066 2234 1235 2298 inflammet

284 2330 485 2414 gehennam?
516 2330 615 2395 Ridet
629 2331 672 2395 ad
687 2334 758 2396 haec
773 2331 947 2416 prudentia
961 2335 1082 2413 carnis,
1096 2349 1130 2399 et
1149 2335 1235 2419 perfi-

284 2435 395 2499 dorum
410 2434 544 2498 vocibus
557 2433 744 2497 Judaeorum
759 2433 903 2509 insultat,
913 2445 946 2496 et
960 2435 1129 2500 maledicit
1142 2437 1171 2499 ei
1186 2436 1233 2519 qui

283 2558 356 2600 cum
372 2536 501 2601 Christo
516 2535 636 2618 pendet
651 2535 683 2597 in
699 2535 806 2617 ligno:
831 2533 888 2598 sed
904 2534 1045 2614 iuterim,
1054 2536 1152 2621 juxta
1167 2537 1235 2600 vsti-

284 2638 405 2702 cinium
421 2638 572 2714 Deborae,
586 2656 670 2698 noos
692 2635 773 2698 bella
788 2635 932 2716 disponit
945 2634 1123 2717 Dominus,
1133 2643 1236 2720 portos

285 2739 424 2804 lodium
440 2741 509 2822 ipse
522 2737 688 2803 sulvmit.

307 3012 527 3077 EPlSTOLA
550 3013 726 3077 CLL-an
741 3027 916 3073 nrcotsnrr
934 3028 977 3073 nn
997 3030 1115 3076 sorra
1132 3032 1158 3076 s.
1174 3031 1207 3076 n.

645 3112 691 3191 [s.
709 3131 740 3175 n.
759 3111 869 3191 nou]

541 3245 678 3309 Nicoloo
699 3246 739 3309 de
752 3244 868 3308 Monte
881 3245 919 3309 S.
935 3245 983 3309 H.

325 3361 356 3423 N
359 3378 435 3423 ovtr
451 3361 631 3426 fraternitas
642 3370 698 3425 tua
712 3381 809 3445 quam
823 3360 983 3444 patienter
998 3361 1236 3427 sustinuerimus

281 3459 409 3537 damna,
420 3461 553 3545 iujurias
568 3472 602 3526 et
616 3461 829 3525 contumelias
844 3462 941 3525 nobis
956 3472 989 3523 et
1004 3464 1125 3526 nostris
1139 3463 1235 3526 illatas

282 3583 302 3625 a
321 3561 528 3625 dilectissimo
552 3563 685 3626 d'omino
700 3572 810 3626 nostro
825 3562 938 3626 illustri
962 3584 1039 3643 rege
1055 3564 1233 3645 Anglornm.

282 3660 358 3748 Ipse
378 3674 485 3726 autem
508 3665 629 3728 abusus
651 3663 807 3749 patientia
831 3672 941 3727 nostra
963 3662 1006 3727 ad
1031 3665 1235 3729 sanctissime

280 3765 390 3829 matris
404 3786 469 3828 suae
494 3765 640 3848 prorupit
653 3762 798 3849 iujurias,
813 3785 965 3847 sponsam
981 3765 1148 3849 loquimur
1161 3765 1234 3830 Cru-

280 3868 384 3946 cifiri‚
406 3878 439 3931 et
461 3867 549 3931 illam
573 3889 639 3930 non
664 3879 712 3931 est
731 3867 851 3931 veritus
875 3867 1041 3945 ancillare,
1066 3889 1127 3953 pro
1149 3867 1235 3953 cujus

278 3967 466 4031 liberatione
505 3968 607 4031 Filius
636 3968 702 4031 Dei
732 3968 894 4031 Dominus
921 3979 1025 4031 morte
1054 3969 1234 4053 turpissima

279 4069 379 4132 voluit
402 4068 619 4134 condemnari.
665 4068 854 4133 Monuimus
876 4089 950 4132 eum
974 4070 1097 4154 saepius
1119 4072 1231 4133 affectu

279 4170 390 4253 patris,
401 4169 464 4234 fide
477 4169 620 4234 Domino
632 4169 742 4234 debita
754 4169 1019 4254 supplicavimus,
1028 4170 1233 4255 corripuimus

279 4271 464 4335 auctoritate
492 4274 646 4354 pastoris:
678 4274 746 4356 ipse
770 4282 877 4335 autem
903 4270 938 4333 in
964 4279 1107 4356 persona
1131 4281 1232 4335 nostra

278 4381 400 4453 patrem
416 4390 509 4433 suum
524 4370 634 4434 itidem
651 4366 780 4433 fidelem
796 4368 1001 4454 contempsit,
1016 4379 1052 4432 et
1065 4380 1230 4453 pastorem,
