3034 5500
406 739 465 798 lua
666 753 805 798 cornuis
820 752 1101 798 sunesuemexsrs
1264 737 1307 816 [s.
1324 758 1353 800 n.

404 903 530 969 bentes:
558 908 728 969 llloucrnur
742 914 774 969 et
789 909 937 988 temporis
954 906 1175 970 diuturnitate
1190 927 1254 988 quo
1268 909 1353 988 igno

401 1004 511 1065 rontia
526 1008 619 1085 juris
644 1007 681 1069 in
704 1009 908 1070 matrimonio
933 1009 1091 1069 avunculi
1116 1010 1169 1069 tui
1181 1010 1302 1090 suisti,
1326 1016 1354 1070 et

400 1108 485 1186 quod
503 1108 542 1168 alr
562 1114 637 1172 auia
658 1117 717 1172 tuo
737 1112 891 1172 collocata
906 1130 949 1181 cs,
970 1117 1000 1171 et
1020 1129 1156 1172 numero
1175 1110 1352 1174 liberorum.

400 1209 587 1291 Idcircoque
607 1232 704 1292 quum
728 1215 795 1273 trec
815 1212 922 1272 omnia
953 1214 990 1272 in
1016 1231 1120 1272 unum
1146 1223 1353 1286 concurrant,

401 1310 626 1391 confirmamus
644 1320 767 1375 elotum
787 1312 957 1374 liberorum
979 1318 1157 1375 vestrorum
1181 1316 1218 1375 in
1238 1336 1274 1376 co
1295 1335 1354 1375 rna

401 1418 554 1476 trr'rnonr'o
568 1419 781 1495 quasitorunr,
797 1415 881 1494 quod
894 1423 972 1475 onte
987 1434 1091 1474 annos
1104 1417 1142 1476 al
1156 1423 1353 1478 contractum

400 1522 457 1591 cot,
478 1519 615 1596 perinde
637 1537 676 1578 oc
696 1519 725 1578 si
744 1517 883 1597 legitime
903 1517 1045 1596 concepti
1064 1523 1178 1578 essent.
1228 1516 1262 1578 Si
1282 1536 1353 1600 ergo

402 1626 492 1679 tanta
506 1630 554 1681 est
574 1617 740 1681 clementia
760 1615 960 1679 saecularium
979 1615 1174 1700 principum,
1192 1629 1227 1682 ut
1250 1616 1353 1692 lavore

401 1717 585 1798 liberorum,
605 1720 698 1784 etiam
723 1718 857 1782 incestui
880 1729 1023 1799 parcant,
1046 1740 1195 1802 quaenam
1218 1719 1280 1783 erit
1302 1741 1352 1783 uu-

400 1817 491 1882 dacia
508 1821 760 1885 Christianorum
778 1817 973 1903 pontificum,
988 1832 1023 1882 ut
1039 1841 1103 1889 eos,
1120 1840 1204 1903 quos
1218 1819 1353 1884 ecclesia

403 1920 491 1984 sinus
518 1921 658 2006 legitime
683 1936 852 2006 conceptos
878 1919 991 1995 edidit,
1018 1918 1162 1983 inaudita
1189 1921 1353 1986 severitate

400 2024 632 2086 condemnent?
670 2027 778 2097 Quum
811 2023 920 2108 itaque
947 2022 1014 2085 haec
1039 2021 1114 2085 binc
1141 2022 1216 2087 inde
1243 2046 1354 2110 propo

400 2138 563 2198 necentur,
589 2137 621 2186 et
651 2123 690 2185 ad
722 2123 925 2207 probationes
952 2122 1091 2210 partium
1123 2124 1353 2211 producendas,

401 2224 526 2289 tandem
554 2223 621 2287 sere
645 2225 677 2287 io
708 2223 770 2286 fine
796 2224 925 2305 biennii,
953 2224 1020 2288 dies
1049 2226 1286 2311 peremptorius
1313 2227 1354 2288 eis

400 2328 552 2411 praefixus
582 2340 674 2401 esset,
705 2340 777 2413 post
817 2326 998 2403 dilationem,
1028 2350 1110 2412 quas
1138 2341 1248 2413 partes
1277 2350 1354 2391 eme·

400 2441 540 2504 ruerant,
564 2451 617 2491 rea
643 2443 747 2492 tameo
779 2428 991 2514 frequentius,
1013 2442 1126 2513 utpote
1155 2451 1232 2514 quae
1261 2429 1354 2494 inter·

403 2530 547 2593 veniente
562 2529 731 2615 puerperio
747 2528 847 2590 aliave
863 2527 1057 2604 infirmitate,
1073 2540 1128 2592 aut
1144 2551 1184 2592 ex
1200 2529 1304 2614 justa,
1320 2542 1353 2593 ut

401 2632 590 2712 ducebatur,
600 2632 704 2695 mariti
721 2629 864 2693 absentia
878 2653 911 2692 se
923 2629 1108 2707 excusabat,
1124 2645 1156 2693 et
1172 2630 1243 2716 ipsa
1256 2630 1354 2695 missis

400 2735 650 2812 excusatoribus,
673 2757 762 2798 suam
787 2733 828 2797 ab
851 2732 1035 2798 infirmitate
1061 2733 1238 2799 absentiam
1264 2758 1353 2801 excu-

400 2851 494 2917 saret,
521 2837 680 2904 Ricardus
710 2836 750 2900 ad
781 2849 916 2900 vestram
947 2834 1143 2900 audientiam
1170 2836 1352 2922 appellavit,

402 2940 570 3025 praefigens
591 2940 790 3003 Dominicam
811 2960 878 3023 qua
897 2937 1091 3013 cantabitur,
1113 2939 1244 3003 Latara
1261 2940 1354 3005 tera

400 3046 509 3119 salem,
524 3045 556 3105 iu
577 3065 614 3104 eo
636 3064 668 3104 se
687 3053 855 3125 gravatum
875 3060 1016 3103 asserens
1039 3039 1127 3125 quod
1149 3040 1353 3104 dilationibus

397 3144 465 3228 jam
482 3142 547 3206 sere
564 3141 690 3204 biennio
706 3154 840 3205 vexatus
863 3154 943 3216 erat,
958 3156 990 3204 et
1007 3140 1269 3224 tergiversatione
1289 3164 1353 3206 mu·

400 3243 486 3307 lieris
500 3241 630 3306 delusus
645 3242 854 3327 nejustitiam
870 3242 1019 3326 consequi
1037 3257 1152 3327 posset.

449 3474 666 3539 EPISTOLA
692 3474 851 3538 xu-rn
874 3491 1165 3537 nsnrnouorrreurr
1189 3492 1308 3538 sucur-

669 3595 842 3639 urscouuu
858 3593 1089 3637 oxomensem.

402 3712 563 3794 Macistro
574 3712 615 3775 B.
632 3712 857 3773 archidiacono
870 3709 1062 3787 unauna,
1074 3709 1227 3774 Salutem
1241 3718 1353 3793 etpra-

455 3817 535 3878 tiom
551 3816 709 3897 Spiritus,
725 3816 782 3895 qni
797 3812 841 3873 ad
854 3812 970 3873 bonum
987 3813 1140 3874 uniuersa
1154 3813 1305 3895 disponit.

446 3952 609 4012 Doumus
629 3961 732 4011 tecum
756 3943 808 4021 sit,
830 3941 1035 4008 dilectissime
1058 3946 1251 4025 amicorum,
1270 3959 1303 4010 et
1326 3960 1355 4009 te

401 4050 433 4111 in
451 4048 610 4113 soliditate
626 4048 783 4111 virtutum
805 4044 958 4121 stabiliat,
975 4059 1011 4110 ut
1034 4068 1239 4130 nequaquam
1262 4069 1354 4112 arun-

401 4149 495 4213 dinea
510 4150 693 4213 infirmitate
708 4147 874 4231 frangaris,
892 4167 948 4208 nec
969 4167 1093 4208 omnem
1117 4144 1263 4230 ejusdem
1279 4145 1353 4208 levi·

402 4265 468 4315 tate
482 4249 611 4333 agiteris
628 4249 668 4313 sd
691 4270 811 4313 aurem.
859 4243 976 4324 Fortis,
991 4259 1022 4310 et
1046 4259 1225 4332 potensest
1247 4246 1353 4312 Domi·

402 4373 462 4417 nus
487 4352 696 4426 exercituum,
721 4348 869 4433 idemque
896 4348 1036 4411 suaviter
1064 4346 1208 4433 disponit
1238 4347 1352 4427 omnis,
