3034 5500
280 748 299 804 6
539 754 676 799 rosuurs
691 752 967 798 saansaanruusrs
1139 735 1184 814 [a.
1201 753 1229 798 n.

281 905 443 993 pollicitus
465 905 583 983 fuerat,
596 905 629 969 in
654 926 751 969 mauu
775 901 989 968 archidiaconi
1011 903 1157 971 ecclesiae
1167 929 1232 972 susa

279 1007 485 1078 renunciavit.
532 1007 613 1072 Haec
627 1006 720 1070 ethis
731 1002 847 1071 similia
859 1003 1001 1088 allegans
1012 1009 1233 1094 superinjuria

280 1111 342 1179 sibi
362 1110 512 1196 irrogata,
529 1109 775 1175 satisfactionem
799 1110 940 1193 petebat,
956 1106 1037 1172 duos
1055 1110 1233 1176 sacerdotes

279 1213 312 1279 in
328 1211 479 1290 medium,
496 1213 552 1296 qui
576 1210 635 1275 sibi
657 1212 722 1274 vim
744 1210 861 1275 iactam
882 1210 1144 1289 testificarentur,
1160 1236 1233 1300 pm-

280 1316 411 1383 ducens.
436 1317 466 1379 E
482 1324 593 1378 contra
615 1317 655 1379 R.
680 1314 744 1378 vim
761 1333 796 1376 sc
811 1312 997 1398 hujusmodi
1017 1312 1231 1395 inficiabatur,

281 1420 377 1485 modo
392 1419 434 1482 de
448 1431 659 1505 patronorum
675 1440 785 1502 parma
799 1417 945 1491 conlisus,
960 1417 1056 1481 modo
1070 1418 1232 1504 adlegans

280 1519 492 1586 subtilitatem
515 1515 711 1599 confugiens,
734 1536 774 1578 aa
801 1516 962 1580 ecclesiam
990 1515 1078 1582 illam
1101 1529 1233 1605 peteret,

281 1647 420 1712 quamve
449 1623 608 1688 actionem
640 1633 843 1707 proponeret,
874 1633 930 1683 aut
968 1641 1035 1706 quo
1065 1623 1140 1708 jure
1178 1620 1235 1687 sibi

281 1726 426 1793 satisfieri
442 1723 631 1813 postularet,
649 1721 876 1806 interrogabat.
921 1726 1024 1787 Porro
1038 1746 1140 1809 quum
1157 1724 1235 1790 veri-

282 1843 380 1895 tatem
401 1827 475 1891 sacti
495 1823 680 1912 diligentius
695 1825 858 1910 inquirere
875 1836 1080 1904 tentaremus,
1101 1827 1236 1914 utquid

277 1931 362 2014 juris
383 1939 464 1992 esset
485 1925 691 2012 postmodum
712 1925 852 1990 lucidius
874 1939 1051 2012 appareret,
1072 1931 1115 1992 R.
1131 1930 1237 2016 appel-

282 2031 431 2096 lationem
447 2028 650 2112 interposuit,
664 2029 716 2092 eui
733 2027 859 2093 deferre
874 2030 1040 2109 babemus,
1056 2032 1141 2096 diem
1158 2057 1236 2120 prae-

284 2134 387 2217 figens
404 2132 606 2196 Dominicam
623 2151 692 2217 qua
702 2130 894 2212 cantabitur,
906 2133 1009 2201 erari
1023 2138 1115 2199 modo
1124 2140 1237 2218 penita,

284 2256 382 2321 quem
411 2232 581 2297 betorinum
613 2236 656 2297 W
686 2231 858 2298 coaretavit
888 2233 929 2296 ad
957 2239 1068 2300 Beatae
1102 2235 1237 2322 Virginis

283 2334 546 2421 purificationem.

478 2621 699 2686 EPISTOLA
724 2617 871 2681 Vl.-au
890 2637 1040 2681 uuununr.

553 2755 694 2818 Dmnino
711 2753 860 2817 Adriano
874 2776 980 2837 papa.

330 2892 512 2957 Auvaasus
535 2888 675 2955 nobilem
699 2888 804 2951 virum
829 2886 978 2952 comitem
1003 2888 1180 2974 Rogerium
1208 2908 1238 2957 et

285 2996 461 3059 Osbertum
488 2992 637 3055 clericum
669 3010 765 3052 suum
795 2988 958 3054 Ernaldus
988 2988 1028 3053 de
1059 2989 1179 3057 Divisis
1209 2997 1237 3062 ia

283 3096 452 3183 proeseutia
478 3105 586 3157 nostra
612 3090 778 3174 querelam
810 3090 969 3174 deposuit,
996 3089 1103 3153 dicens
1134 3094 1196 3161 sibi
1221 3120 1243 3161 a

285 3196 410 3274 comite,
426 3204 463 3257 ut
485 3192 659 3258 Osbertum
683 3209 776 3252 suum
801 3188 992 3267 intruderet,
1013 3190 1178 3260 ecclesiam
1201 3199 1239 3269 de

287 3301 441 3362 Hentona
456 3292 611 3355 violenter
625 3303 657 3352 et
674 3303 785 3353 contra
800 3310 925 3353 ornnem
939 3293 1146 3361 reverentiam
1158 3302 1248 3386 juris.

286 3417 353 3461 csse
376 3393 529 3467 ablatam,
545 3411 643 3477 quarn
665 3389 828 3469 canonice,
845 3405 882 3456 ut
905 3391 1043 3472 dicebat,
1059 3398 1115 3463 diu
1139 3424 1240 3487 posse

285 3500 375 3563 derat
407 3498 595 3561 auctoritate
628 3492 817 3559 venerabilis
846 3494 954 3560 fratris
984 3500 1083 3564 nostri
1112 3506 1142 3568 J.
1173 3507 1240 3572 Sar.

284 3599 436 3687 episcopi,
452 3600 546 3684 cujus
560 3599 717 3675 chartam,
734 3620 810 3684 quae
825 3597 1006 3664 donationis
1021 3605 1092 3690 ejus
1108 3608 1244 3674 titulum.

286 3703 484 3783 adstruebat,
513 3701 545 3765 iu
577 3701 718 3766 medium
750 3702 948 3787 proferebat:
980 3719 1012 3770 et
1050 3719 1085 3771 ut
1120 3734 1239 3796 posses.

287 3808 405 3871 sionem
439 3825 530 3869 suam
560 3805 647 3868 omui
677 3805 876 3870 solemnitate
901 3808 987 3892 juris
1016 3809 1144 3879 doceret
1175 3838 1239 3882 esse

287 3908 469 3983 subnixam,
486 3908 687 3972 concessione
701 3907 871 3993 eujusdam
893 3908 1014 3988 militis,
1030 3936 1127 3999 quem
1143 3919 1238 3983 eecle-

286 4015 341 4076 sioe
356 4009 544 4075 advocatum
561 4031 629 4074 esse
646 4010 785 4090 dicebat,
800 4033 833 4073 se
852 4009 983 4078 eandem
1007 4015 1182 4082 obtinuisse
1198 4021 1238 4085 ab

284 4113 434 4203 episeopo
449 4113 622 4191 asserebat,
637 4125 669 4176 et
685 4110 726 4174 ob
742 4112 803 4175 hoe
818 4109 878 4176 sibi
894 4114 1034 4181 ecclesiae
1049 4133 1080 4182 et
1096 4122 1235 4188 omnium

285 4218 465 4290 ablatorum
491 4212 723 4279 restitutionem
751 4212 820 4277 fieri
851 4220 1042 4300 postulabat.
1091 4225 1243 4293 Tandem.

285 4334 354 4409 post
380 4318 498 4385 multas
524 4314 689 4382 citationes
715 4330 747 4381 et
770 4318 1043 4397 comminationes,
1070 4351 1086 4388 a
1111 4328 1225 4393 comite
