3034 5500
282 754 484 833 itta—61]
678 772 858 817 aersrora.
1197 758 1238 814 55

279 923 326 986 cui
336 937 474 987 auctore
489 924 630 987 Domino
641 923 804 1008 praesidet,
817 923 977 987 turbatam
990 934 1021 986 et
1033 920 1236 1007 deturpatam

280 1024 396 1089 invenit
424 1049 445 1089 a
470 1024 595 1089 malitia
620 1024 866 1090 inhabitantium
887 1027 926 1113 in
954 1048 1001 1101 ea,
1026 1037 1138 1110 utpote
1158 1023 1240 1109 legis,

279 1125 395 1190 divinae
427 1128 585 1213 ignaram,
612 1143 644 1190 et
675 1127 840 1192 canonicas
865 1127 1079 1191 institutiones
1108 1125 1236 1210 penitus

279 1228 490 1311 ignorantem.
538 1230 625 1292 Gens
650 1228 733 1292 enim
758 1229 847 1292 rudis
870 1242 901 1294 et
925 1228 1088 1307 indomita,
1112 1226 1236 1291 bestiali

281 1351 367 1395 more
394 1332 519 1404 vivens,
542 1344 729 1416 aspernatur
751 1331 885 1395 verbum
911 1332 996 1410 vitre,
1018 1343 1049 1394 et
1072 1329 1236 1395 Christum

282 1432 518 1494 nominetenus
538 1431 735 1517 prolitentes,
751 1431 818 1494 vita
832 1445 864 1495 et
888 1432 1030 1494 moribus
1051 1430 1235 1495 diffitentur.

282 1534 331 1597 Ab
353 1534 404 1597 his
427 1535 513 1598 enim
537 1533 709 1598 Christiani
731 1534 850 1599 usitato
869 1537 1055 1598 commercio
1076 1534 1108 1598 in
1132 1542 1236 1619 partes

282 1635 507 1699 transmarinas
533 1636 719 1711 venundati,
745 1636 787 1700 ab
813 1634 995 1700 infidelibus
1019 1634 1232 1718 captivantur.

284 1735 403 1820 Legem
415 1761 490 1801 vero
501 1737 691 1801 matrimonii
701 1749 938 1802 contemnentes
945 1736 1147 1813 concubinas,
1158 1758 1237 1821 quas

282 1862 355 1903 cum
381 1840 534 1904 uxoribus
555 1839 686 1916 habent,
709 1851 907 1905 commutant
928 1840 1042 1925 pretio,
1063 1850 1095 1901 et
1119 1841 1235 1901 crimen

283 1939 425 2004 incestus
454 1940 641 2026 ignorantes,
668 1943 972 2026 consanguinearum
1004 1940 1235 2028 turpitudinem

283 2040 426 2105 revelare
445 2065 506 2107 non
528 2044 728 2109 erubescunt.
774 2045 867 2122 Quod
888 2058 993 2108 autem
1016 2042 1241 2124 miserabilius,

284 2158 318 2207 ut
341 2144 491 2229 populus,
507 2147 551 2209 sic
571 2159 603 2210 et
626 2147 781 2225 sacerdos,
795 2147 911 2211 eisdem
936 2146 1050 2211 imbuti
1066 2146 1236 2224 erroribus,

282 2260 401 2330 pestem
428 2247 548 2323 fovent,
575 2262 607 2314 ct
634 2251 810 2334 pernicioso
837 2263 1047 2336 corrumpunt
1075 2247 1235 2335 exemplo,

282 2369 362 2433 quos
376 2348 416 2412 ad
436 2348 519 2412 viam
542 2349 669 2415 virtutis
685 2364 717 2414 et
733 2348 875 2414 veritatis
894 2351 1043 2415 reducere
1057 2351 1235 2437 oportebat.

281 2449 331 2512 Ad
351 2449 438 2514 hunc
462 2474 537 2514 vero
559 2451 747 2537 pestilentiae
770 2458 946 2528 cumulum,
970 2454 1104 2540 istorum
1122 2450 1235 2516 barba-

281 2573 387 2615 rorum
397 2553 547 2639 princeps
558 2556 597 2618 0.
610 2568 642 2618 et
653 2577 710 2618 rex
722 2554 870 2620 avunculi
882 2555 930 2618 sui
939 2556 1074 2619 abutens
1083 2554 1158 2630 lilia,
1170 2565 1236 2618 tam

281 2654 404 2717 anobis
419 2678 517 2740 quam
532 2656 573 2719 ah
589 2656 749 2743 Episcopo
764 2680 833 2737 suo,
847 2657 1031 2741 frequenter
1045 2654 1236 2735 admonitus,

281 2769 318 2820 ut
333 2755 481 2822 licentius
492 2772 523 2839 et
539 2759 669 2823 liberius
683 2761 782 2846 possit
794 2760 825 2824 in
838 2783 896 2823 sua
906 2759 1027 2823 malitia
1041 2780 1235 2843 permanere,

280 2871 404 2943 partem
419 2859 496 2924 oleri
511 2883 575 2924 non
590 2862 745 2926 modicam
763 2862 795 2925 in
811 2861 1022 2947 patrocinium
1042 2858 1235 2941 flagitiorum

282 2982 411 3026 suornm
432 2963 545 3044 traxit,
559 2978 590 3028 et
609 2963 711 3052 ipsum
732 2963 913 3049 episcopum
934 2962 1025 3026 bouis
1039 2961 1105 3024 suis
1123 2961 1237 3044 spolia-

281 3075 352 3127 tum
362 3064 404 3129 ab
415 3066 602 3152 episcopatu
614 3065 750 3151 expulit,
764 3063 839 3150 quia
850 3078 913 3128 tarn
925 3063 994 3149 ejus
1004 3085 1100 3150 quam
1113 3060 1235 3147 populi,

281 3167 350 3228 zelo
373 3166 515 3232 caritatis
539 3190 719 3243 succensus,
743 3166 824 3230 adeo
848 3165 1000 3230 audacter
1024 3165 1236 3250 redarguebat

280 3288 411 3334 errores.
456 3269 638 3357 Episcopus
653 3293 728 3333 vero
744 3269 897 3356 quosdam
913 3269 953 3332 de
968 3268 1062 3342 clero,
1080 3268 1235 3354 quosdam

281 3366 321 3432 de
335 3370 458 3457 populo
471 3385 683 3449 contumaces,
695 3373 904 3437 anathematis
919 3370 1046 3440 vinculo
1061 3371 1237 3452 innodavit,

282 3466 341 3553 ipsi
357 3492 434 3533 vero
444 3472 589 3556 palantes
604 3485 634 3536 et
648 3472 719 3557 vagi
733 3473 774 3536 ad
790 3473 909 3535 vicinos
920 3473 1084 3559 episcopos
1096 3470 1237 3552 Walliae,

284 3570 421 3656 Angliae,
449 3573 628 3650 Hiberniae,
654 3574 781 3650 scotiae,
807 3575 1009 3659 confugiunt,
1035 3587 1066 3638 et
1092 3575 1134 3638 ab
1160 3575 1236 3659 ipsis

281 3672 417 3750 ordines,
433 3673 582 3754 chrisma,
597 3688 627 3739 et
650 3674 711 3737 alia
732 3689 927 3737 sacramenta
946 3674 1084 3738 ecclesiae
1104 3676 1237 3739 fraudu·

281 3772 381 3839 lenter
396 3775 587 3862 percipiunt.
621 3774 716 3841 Unde
732 3777 819 3862 rigor
830 3775 1046 3842 ecclesiasticae
1062 3776 1237 3863 disciplinae

280 3874 476 3961 inpartibus
499 3877 561 3941 illis
577 3878 657 3941 adeo
672 3881 740 3966 jam
765 3879 921 3965 detepuit,
938 3892 973 3943 ut
996 3879 1040 3944 ibi
1058 3880 1125 3966 jam
1145 3903 1236 3965 paene

280 3977 408 4043 haeresis
430 3996 463 4043 et
489 3980 665 4044 schismatis
688 3981 891 4045 seminarium
916 3980 1062 4065 pullulet.
1111 3983 1235 4047 Idcirco

280 4082 437 4144 sanctitati
468 4095 593 4163 vestrae,
615 4086 710 4147 Pater
736 4082 918 4157 reverende,
945 4083 1173 4167 supplicamus,
1200 4098 1235 4148 ut

280 4182 370 4247 nobis
390 4197 423 4248 et
440 4184 576 4267 proelatu
596 4184 743 4271 episcopo
759 4185 958 4266 suffraganeo
978 4198 1086 4248 nostro
1107 4186 1139 4249 in
1155 4209 1235 4249 aux·

278 4279 367 4347 ilium
391 4283 569 4368 exurgens,
584 4298 614 4348 et
634 4285 818 4370 patentibus
835 4283 947 4348 litteris
967 4286 1082 4350 vestris
1096 4309 1235 4349 commu·

275 4383 358 4475 niter
373 4387 414 4451 ad
433 4385 598 4471 episcopos
615 4385 754 4472 Angliae,
772 4386 912 4464 Walliae,
931 4386 1102 4464 Hibernia,
1121 4387 1234 4454 Scotiae
