3034 5500
154 763 352 843 1156—6t.]
571 781 745 827 amarante.
1051 771 1109 829 179

184 1045 412 1110 EPISTOLA
437 1045 679 1108 CXXIX-an
696 1065 924 1110 inexinanita
944 1066 1060 1111 aaran.

394 1214 536 1278 Domino
550 1216 655 1298 Popae
670 1215 866 1280 Atacaadro.

192 1345 341 1406 Hanunr
364 1364 383 1404 a
409 1338 513 1426 capite
534 1340 676 1403 membra
695 1340 887 1426 utuvigeant,
902 1356 933 1405 et
958 1365 976 1404 a
998 1359 1106 1409 sancta

145 1440 291 1504 &mana
309 1438 452 1513 ecclesia,
469 1437 608 1503 Domino
631 1452 772 1509 auctore,
788 1438 873 1502 salus
895 1453 942 1504 est
957 1447 1100 1507 omnium

144 1540 360 1607 ecclesiarum.
406 1539 502 1604 Unde
518 1562 642 1603 necesse
658 1553 703 1604 est
727 1564 836 1604 omnes
859 1540 899 1604 ad
916 1565 970 1605 ros
994 1566 1100 1608 recur-

145 1667 224 1723 rere,
247 1643 456 1708 incumbente
481 1641 676 1706 necessitatis
701 1641 849 1718 articulo,
870 1666 963 1728 quem
992 1668 1048 1730 per
1072 1669 1104 1709 se

147 1759 314 1833 nequeunt
331 1744 492 1831 expedire.
540 1745 598 1807 Est
615 1757 724 1808 autem
740 1744 825 1828 apud
843 1767 898 1808 nos
914 1768 1008 1808 causa
1024 1745 1106 1810 dilli-

149 1847 218 1912 cilis
242 1851 329 1913 inter
351 1844 561 1910 venerabilem
585 1845 715 1909 fratrem
742 1858 885 1910 nostrum
915 1847 1105 1911 Michaelem

149 1949 391 2014 Landavenaem
415 1948 612 2034 episcopum,
631 1960 663 2011 et
687 1947 866 2013 Robertum
891 1947 991 2013 filium
1018 1964 1103 2015 ante-

147 2050 278 2116 cessoria
294 2050 355 2130 sui,
370 2072 479 2136 quam,
495 2047 554 2112 nisi
577 2048 751 2135 apostolica
773 2049 945 2114 auctoritas
968 2050 1102 2115 interve·

147 2154 225 2230 niat,
248 2153 344 2217 finem
368 2151 483 2216 diebus
504 2151 619 2214 nostris
643 2173 703 2213 non
726 2150 885 2216 credimus
908 2153 1101 2218 habituram.

149 2255 267 2321 Vexati
283 2278 394 2321 sumus
408 2255 440 2319 in
456 2275 494 2317 ea
512 2254 647 2330 diutius,
664 2253 717 2318 aed
743 2255 951 2321 temeritatem
976 2259 1102 2342 praefati

150 2359 287 2424 Roberti
302 2357 392 2422 nullo
407 2355 606 2421 correctionis
624 2378 739 2440 genere
762 2357 926 2442 potuimus
949 2382 1103 2437 coercere,

148 2465 228 2549 quin
241 2461 412 2525 norissima
424 2460 505 2544 ejus,
517 2471 613 2544 prout
630 2458 720 2523 nobis
735 2460 966 2535 referebantur,
979 2484 1102 2547 semper

149 2576 253 2627 essent
268 2562 426 2627 deteriora
442 2559 611 2646 prioribus,
657 2560 706 2623 Ut
727 2559 809 2623 enim
835 2559 875 2623 de
890 2563 1030 2647 corporis
1045 2563 1103 2626 im-

148 2665 308 2730 munditia
324 2677 494 2737 taceamus,
508 2661 661 2738 incendia‚
675 2662 813 2748 rapinas,
825 2676 855 2727 et
869 2664 971 2726 varias
983 2664 1102 2748 figuras

146 2767 315 2833 criminum
333 2766 402 2852 ejus
416 2765 456 2830 ad
477 2788 534 2829 nos
558 2764 686 2851 plurimi
712 2765 924 2849 perferebant.
970 2768 1102 2843 Quoties

147 2870 230 2938 inter
245 2892 320 2935 eum
336 2882 369 2934 et
384 2869 579 2933 adversarios
594 2889 670 2931 suos
684 2866 788 2930 multo
803 2867 911 2931 studio
935 2868 1101 2955 multoque

148 2975 256 3039 labore
279 2971 522 3037 reformavimus
543 2993 666 3056 pacem,
684 2972 776 3034 toties
798 2968 839 3032 ab
861 2992 899 3031 eo
919 2992 980 3055 pax
1006 2971 1101 3035 scissa

150 3090 182 3142 et
204 3077 378 3140 reformata
407 3074 553 3137 recessit:
590 3072 718 3137 tandem
741 3071 1033 3138 excommunicatus
1062 3076 1102 3140 ab

148 3179 300 3265 episcopo
318 3199 376 3242 suo
391 3189 525 3239 vestram
551 3173 628 3238 adiit
654 3175 862 3258 majestatem,
879 3173 933 3237 sed
949 3198 988 3238 an
1013 3176 1104 3241 abso·

149 3278 282 3345 lutionis
305 3290 419 3341 aestrae
446 3275 597 3340 meruerit
618 3275 753 3357 gratiam
778 3275 970 3358 ignoramus.
1017 3283 1102 3363 Apo.

150 3382 277 3447 stolicas
292 3394 395 3445 umen
411 3379 533 3442 litteras
558 3376 678 3450 retulit,
695 3375 815 3461 quibus
831 3379 1018 3443 venerabilis
1039 3380 1102 3444 fra-

150 3499 197 3549 ter
219 3496 328 3548 noster
344 3478 567 3565 Wigornensis
590 3478 756 3564 episcopus
781 3478 1026 3564 praecipiebatur
1044 3481 1102 3558 illi,

148 3598 179 3651 et
202 3581 399 3670 quibusdam
422 3577 632 3665 complicibus
647 3578 723 3652 suis,
739 3577 780 3642 de
804 3578 953 3666 episcopo
976 3581 1103 3645 Lando-

149 3691 247 3764 venei‚
263 3699 296 3751 et
320 3683 404 3749 Rad.
429 3681 650 3747 archidiacono
673 3703 731 3745 auo
748 3680 908 3765 justitiam
929 3683 1100 3747 exhibere:

152 3787 277 3855 Deinde
307 3786 418 3873 paucis
443 3784 558 3849 diebus
579 3781 693 3868 elapsis
719 3780 891 3845 adversarii
916 3783 985 3868 ejus
1011 3784 1102 3848 uobis

151 3904 265 3955 ceatrae
296 3886 504 3952 beatitudinis
533 3884 638 3970 apices
667 3881 856 3957 attulerunt,
883 3885 1103 3971 praecipientes

149 4014 275 4059 causam
291 3991 355 4055 fine
371 3989 480 4053 debito
495 3988 562 4050 sine
576 3984 799 4071 appellationis
821 3984 1022 4071 subterfugio
1042 4002 1104 4052 ter-

150 4094 272 4170 minari,
290 4115 353 4159 non
369 4096 516 4156 obstante
534 4087 685 4174 rescripto
705 4085 793 4173 quod
818 4087 981 4152 Robertus
1003 4112 1104 4154 ares

150 4213 195 4263 tra
217 4193 466 4263 mansuetudine
489 4214 546 4277 per
568 4190 804 4275 subreptionem
828 4189 979 4255 obtinuit.
1026 4193 1102 4255 Par·

151 4302 233 4367 tibus
260 4301 374 4385 itaque
400 4296 431 4360 in
459 4313 567 4359 nostra
596 4292 765 4378 praesentia
790 4292 887 4375 juxta
917 4291 1101 4356 mandatum

149 4404 359 4490 apostolicum
372 4398 566 4471 convocatis,
580 4394 727 4481 praedicti
745 4391 880 4456 Roberti
897 4393 1108 4478 petitionibus

603 4518 624 4560 a
642 4504 661 4559 2
