3034 5500
277 748 339 807 216
534 760 671 805 scansis
685 759 962 804 sanasnnnrnssrs
1138 742 1183 817 [a.
1199 759 1224 803 n.

280 913 404 976 interim
421 913 461 976 de
472 935 604 977 numero
619 926 650 977 et
661 914 845 977 auctoribus
855 908 1013 976 librorum
1027 910 1115 975 Novi
1126 911 1226 974 Testa·

281 1016 380 1077 menti
396 1015 483 1078 dicta
498 1016 572 1092 sint,
587 1037 722 1099 quorum
744 1016 994 1100 conceptionem
1009 1015 1039 1077 si
1055 1014 1128 1099 quis
1142 1035 1227 1076 nosse

282 1113 453 1193 desiderat,
464 1116 631 1198 epistolam
643 1117 728 1180 beati
741 1116 933 1200 Hieronymi
947 1115 990 1179 ad
1004 1115 1185 1188 Paulinum,
1195 1114 1228 1176 de

281 1217 397 1281 divinis
407 1218 498 1281 libris
511 1218 608 1299 legat,
619 1218 697 1300 quia
708 1231 743 1281 ut
758 1218 799 1281 de
814 1218 1019 1281 conscientia
1030 1238 1103 1281 mea
1116 1218 1229 1301 loquar,

282 1341 440 1402 nusquam
457 1321 570 1382 melius
586 1319 773 1397 invenietur,
789 1331 844 1382 aut
858 1319 1001 1401 planius.

326 1421 393 1484 Sed
413 1442 486 1504 quar
508 1441 585 1483 eura
603 1432 661 1492 est,
683 1420 882 1484 serenissime
905 1421 1051 1498 domine,
1065 1420 1126 1483 has
1145 1431 1230 1502 atque

283 1517 363 1584 alias
382 1522 415 1585 in
436 1521 678 1601 investigatione
696 1531 860 1583 auctorum
880 1521 1045 1584 discutere
1064 1520 1233 1602 opiniones,

285 1646 383 1709 quum
401 1645 499 1686 unum
512 1623 652 1685 omnium
669 1631 849 1684 sanctarum
860 1621 1101 1704 Scripturarum
1117 1636 1233 1684 constet

286 1748 356 1790 esse
372 1736 533 1790 auctorem
549 1723 701 1807 Spiritum
717 1722 892 1786 Sanctum?
925 1721 1014 1786 Nam
1032 1726 1147 1787 beatus
1161 1724 1232 1786 Gre-

285 1828 394 1909 gorius
409 1828 441 1889 in
458 1827 629 1889 moralibus
645 1825 806 1887 verissime
827 1836 859 1887 et
873 1826 1128 1907 elegantissime,
1142 1847 1232 1908 quum

286 1940 412 1992 constet
435 1928 508 1990 libri
538 1928 623 1991 beati
649 1928 723 2000 Job,
747 1947 843 2010 quem
869 1928 1068 2010 exponebat,
1088 1927 1232 2012 Spiritum

286 2030 440 2092 Sanctum
456 2051 525 2092 esse
540 2041 713 2106 auctorem,
726 2029 765 2091 de
778 2028 932 2111 scriptore
944 2028 1019 2092 libri
1032 2026 1232 2112 postmodum

285 2151 435 2214 quaerere,
461 2129 597 2213 proinde
622 2131 806 2194 babendum
831 2152 912 2208 esse,
941 2152 981 2194 ae
1008 2131 1049 2209 si,
1079 2151 1175 2214 quum
1198 2128 1233 2191 de

286 2231 440 2314 scriptore
456 2241 575 2293 certum
588 2230 639 2306 sit,
651 2229 691 2294 de
707 2234 841 2304 calamo,
855 2254 919 2316 quo
934 2233 1017 2295 liber
1029 2234 1171 2316 scriptus
1183 2241 1235 2305 est,

286 2333 455 2397 dubitetur.
494 2334 569 2395 Non
590 2356 665 2414 ergo
682 2331 789 2416 magni
811 2335 935 2398 faciatis
957 2336 984 2397 si
1008 2336 1234 2420 Scripturanun

286 2447 452 2498 teneantur
467 2450 624 2513 auctores,
639 2436 696 2499 sed
712 2439 738 2499 si
754 2438 905 2500 veraciter
919 2438 1153 2519 intelligantur:
1177 2436 1233 2499 imo

286 2550 371 2600 certe
387 2536 414 2597 si
430 2539 484 2618 pie
502 2548 534 2600 et
550 2536 688 2600 fideliter
707 2538 908 2621 impleantur.
953 2537 1031 2601 Non
1050 2539 1137 2601 enim
1152 2536 1234 2600 andi·

287 2654 371 2700 tores
381 2638 472 2719 legis,
485 2649 520 2701 ut
530 2638 575 2700 ait
587 2639 765 2720 apostolus,
775 2639 861 2721 apud
875 2640 1054 2702 Dominum
1064 2635 1148 2723 justi
1158 2650 1235 2710 sunt,

288 2741 347 2805 sod
362 2741 508 2805 factores.
545 2740 597 2803 Ad
614 2741 685 2804 baec
700 2740 733 2803 in
749 2741 813 2805 illia
830 2742 981 2825 occupari
1004 2742 1164 2825 optimum
1182 2754 1236 2814 est,

289 2844 375 2927 quia,
390 2857 425 2906 ut
439 2864 497 2926 per
508 2842 730 2905 fidelissimum
745 2864 900 2924 organum
920 2865 1025 2921 suum,
1042 2845 1160 2908 reritas
1173 2846 1238 2926 ipsa

290 2946 460 3029 eloquitur.
504 2947 587 3006 Ama
616 2943 782 3006 seientiam
809 2943 1057 3025 Scripturarnm,
1084 2957 1117 3009 et
1141 2945 1238 3009 camis

289 3046 368 3108 vitia
393 3067 459 3107 non
488 3045 619 3108 amabis.
664 3044 803 3108 Proinde
829 3045 1023 3126 intelligenti
1050 3048 1152 3111 otium
1177 3047 1239 3109 sine

289 3147 404 3209 litteris
420 3168 504 3209 mors
520 3158 577 3224 est,
593 3158 625 3209 et
639 3146 700 3207 rivi
718 3147 858 3209 hominis
872 3149 1047 3229 sepultura.

320 3247 372 3309 Ad
382 3248 502 3308 tertiam
513 3248 699 3331 progredior
708 3249 1076 3331 quoestionem,Quidam
1086 3252 1240 3314 sitmensa

293 3348 369 3412 solis
391 3347 422 3408 io
445 3349 569 3426 sabulo,
585 3371 680 3433 quarn
702 3350 948 3413 famosissimam
966 3352 1051 3414 inter
1074 3374 1240 3436 gymnoso-

293 3448 415 3532 phistas
424 3460 580 3511 scrutator
592 3450 743 3525 veritatis,
753 3462 786 3513 et
794 3451 970 3515 litterarum
980 3452 1241 3535 diligentissimus

292 3564 503 3634 persequutor
513 3553 705 3633 Apollonius
715 3554 886 3636 conspexit
896 3554 927 3616 in
940 3556 1066 3633 sabulo,
1077 3575 1241 3639 superque

295 3675 405 3716 ornnes
429 3653 587 3729 consului,
610 3653 719 3737 quiin
743 3654 880 3718 Francia
904 3656 1077 3737 primatum
1098 3656 1243 3719 videntur

209 3826 211 3829 Α
293 3754 411 3817 habere
434 3753 679 3836 scripturarum,
702 3754 757 3817 sed
782 3756 859 3838 quia
884 3776 940 3818 eos
963 3757 1094 3835 gentilis
1115 3756 1243 3819 historia

293 3858 396 3934 latuit,
409 3878 474 3919 non
493 3856 626 3919 multum
649 3856 860 3938 reprehendo,
875 3858 902 3919 si
923 3857 1011 3942 quod
1033 3880 1099 3921 non
1122 3857 1241 3922 didice-

293 3970 375 4033 rant,
391 3957 505 4020 docere
523 3958 741 4040 nequiverunt.
781 3959 1044 4049 Quidamtamen
1061 3961 1239 4044 impruden-

294 4060 368 4122 tiam
390 4080 478 4120 suant
500 4058 720 4142 impudentius
740 4060 941 4138 detexerunt,
958 4059 993 4122 id
1012 4063 1116 4124 solum
1137 4063 1242 4143 inepta

293 4156 499 4243 responsione
523 4160 763 4244 persuadentes,
787 4161 873 4246 quod
900 4186 919 4226 a
945 4162 1143 4237 doctoribus,
1165 4184 1242 4247 quos

293 4263 347 4326 diu
368 4276 399 4325 ct
421 4265 520 4327 multa
542 4263 688 4326 mercede
711 4264 943 4339 conduxerant,
960 4265 1038 4327 nibil
1064 4267 1147 4329 seire
1167 4264 1241 4329 didi·

295 4377 414 4438 serunt.
470 4366 609 4427 llistoria
646 4382 751 4429 autern
790 4367 856 4429 haec
895 4389 989 4450 quam
1029 4366 1164 4430 scritate
1200 4387 1242 4426 re·
