3034 5500
296 751 359 809 920
554 762 692 806 roasms
707 760 994 807 sanusnearuasrs
1166 745 1208 826 [a.
1223 768 1247 811 n.

290 929 323 978 et
352 915 484 979 exilium
516 916 719 987 sustinemus,
750 915 830 978 certi
869 916 1030 999 quoniam
1074 916 1178 982 fidelis
1204 934 1244 982 est

290 1018 460 1093 Dominus,
476 1019 532 1101 qui
548 1041 613 1081 nou
630 1017 746 1080 tentari
762 1038 823 1079 nos
837 1017 982 1100 patietur
997 1041 1098 1102 supra
1114 1020 1146 1082 id
1170 1021 1245 1105 quod

288 1141 468 1202 possumus,
484 1120 542 1183 sed
564 1120 605 1183 de
620 1121 692 1203 ipsa
708 1119 883 1182 tentatione
899 1120 1082 1202 profectum
1100 1124 1245 1187 salutisa

287 1235 444 1285 anteactae
468 1222 541 1285 ritae
563 1222 750 1306 purgatione
773 1221 889 1283 eliciet.
937 1221 991 1284 De
1015 1245 1068 1286 me
1091 1225 1202 1308 loquor
1219 1237 1246 1290 et

287 1323 480 1408 quibusdam
504 1325 586 1402 aliis,
602 1346 684 1408 quos
707 1324 776 1387 scio
796 1324 829 1386 in
854 1323 917 1386 hac
943 1323 1155 1390 tribulatione
1178 1350 1244 1391 con·

287 1426 447 1506 gratulari,
463 1437 499 1488 ut
522 1427 632 1488 crebro
655 1424 860 1503 meditentur,
876 1437 910 1489 ot
925 1425 1039 1489 dicant
1055 1427 1106 1490 ei:
1130 1428 1244 1492 Secura-

286 1527 365 1587 dum
382 1526 621 1589 multitudinem
635 1527 777 1588 dolorum
794 1545 935 1587 meorum
951 1528 989 1588 in
1001 1528 1097 1590 corde
1108 1549 1183 1599 meo,
1195 1532 1244 1606 tls.

286 1627 429 1690 Patimur
451 1629 538 1691 enim
561 1649 620 1710 per
645 1627 775 1708 gratiam
804 1623 878 1704 Dei,
893 1649 958 1689 non
978 1640 1013 1691 ut
1037 1628 1172 1693 adulteri
1194 1644 1243 1693 aut

288 1727 473 1806 homicida,
487 1750 552 1790 uon
570 1739 604 1790 ut
619 1725 807 1790 incendiarii
831 1739 888 1791 aut
910 1730 1074 1811 sacrilegi,
1090 1730 1148 1794 sed
1163 1733 1241 1794 velut

288 1829 473 1894 Christiani.
520 1832 617 1892 Hanc
645 1828 741 1890 fidem
769 1842 908 1892 nostram
936 1829 1097 1895 insaniam
1122 1848 1240 1918 reputat

286 1931 435 2009 muudus,
451 1946 483 1995 et
498 1933 711 1995 constantiam
727 1930 802 1993 fidei
825 1932 1039 2013 pertinaciam
1056 1948 1162 2013 vocat,
1176 1959 1241 2020 pro·

286 2034 457 2096 sessionem
472 2034 613 2096 veritatis
628 2043 662 2094 et
676 2047 751 2096 nota
766 2044 799 2095 et
819 2034 951 2096 nomine
967 2037 1120 2100 vanitatis
1142 2039 1241 2113 inurit,

286 2132 409 2195 cultum
425 2130 588 2213 religionis
613 2134 829 2215 appellatione
854 2133 1038 2217 hypocrisis
1061 2148 1117 2200 aut
1141 2159 1241 2220 super·

285 2233 433 2311 sationis
454 2246 509 2295 aut
532 2233 662 2295 alterius
688 2235 837 2298 salsitatis
861 2234 1078 2301 dehonestare
1104 2255 1239 2312 conatur,

286 2334 343 2398 sed
358 2335 510 2418 princeps
526 2336 752 2417 Apostolorum
769 2337 858 2399 aliter
881 2338 980 2401 sentit
995 2349 1030 2401 et
1053 2342 1238 2403 contrarium

285 2439 395 2501 docet:
420 2438 508 2499 Haec
522 2443 568 2499 est
582 2437 679 2512 enim,
696 2437 802 2514 nteit,
815 2440 929 2518 pratia
945 2441 1040 2520 apud
1054 2443 1238 2515 Dominum,

285 2543 362 2622 quia
379 2544 413 2603 ia
436 2541 493 2602 hoc
512 2541 615 2601 vocati
637 2542 712 2602 estis
732 2563 753 2602 a
780 2540 916 2613 Christo,
934 2550 969 2603 ut
990 2546 1175 2623 sequamini
1196 2566 1239 2607 rc·

285 2642 382 2721 eligia
404 2641 483 2720 ejus.
528 2641 596 2704 Seu
616 2647 658 2719 et,
672 2642 702 2702 si
722 2641 801 2721 quid
819 2643 976 2722 patimini
994 2652 1130 2726 propter
1143 2647 1239 2725 justi·

285 2750 377 2819 tiam,
394 2743 477 2807 hecti
492 2743 592 2806 eritis.
637 2741 759 2821 Aderit,
776 2743 893 2808 dilecte
913 2746 970 2817 mi,
986 2746 1020 2809 in
1037 2748 1129 2812 brevi
1144 2748 1239 2813 aderit

284 2851 402 2913 arbiter
418 2846 680 2911 conscientiarum
697 2858 729 2908 et
743 2846 857 2927 judex,
872 2847 991 2931 cuique
1008 2848 1191 2914 redditurus
1206 2864 1236 2912 ut

283 2952 409 3025 meruit,
438 2961 471 3013 et
492 2962 567 3012 tunc
598 2949 702 3031 palam
724 2948 791 3020 fiot,
814 2949 971 3033 quicquid
993 2951 1093 3014 modo
1124 2954 1235 3034 garriat

284 3053 434 3129 mundus,
449 3072 513 3135 qua
528 3061 632 3113 mente
648 3049 785 3132 quisque
802 3050 925 3111 vixerit.
972 3051 1109 3115 Interim
1134 3074 1235 3137 quaeso

284 3155 359 3229 tuis,
384 3165 417 3215 et
442 3165 624 3214 sanctorum
654 3172 736 3235 quos
762 3152 855 3227 nosti,
880 3172 931 3214 me
960 3152 1063 3217 sacias
1094 3157 1237 3239 precibus

284 3252 437 3337 adjurari,
448 3262 493 3326 ut,
505 3254 532 3315 si
542 3255 572 3315 in
584 3253 670 3315 invio
682 3275 763 3329 sum,
777 3252 862 3336 quod
874 3275 938 3316 non
951 3255 1062 3333 credo,
1072 3279 1125 3321 me
1136 3258 1236 3321 Chris·

283 3365 333 3419 tus
349 3354 400 3416 ria
415 3354 573 3437 justorum
590 3356 723 3418 reducat
736 3354 777 3418 ad
801 3356 963 3420 semitam:
992 3358 1019 3419 si
1044 3359 1077 3421 in
1095 3361 1147 3422 via
1161 3382 1237 3436 surn,

281 3478 333 3520 me
355 3476 414 3539 per
438 3476 589 3539 prospera
613 3458 662 3518 rel
686 3456 828 3532 adversa,
852 3468 887 3519 ut
911 3458 972 3520 sibi
1000 3459 1234 3544 beneplacitum

282 3561 388 3637 suerit,
404 3558 559 3643 perducat
577 3560 618 3622 ad
634 3560 740 3623 vitam.
786 3561 819 3622 Si
844 3560 1036 3641 Magistrum
1061 3565 1235 3629 Galterium

281 3663 407 3741 videris,
422 3663 451 3726 ei
468 3683 526 3745 per
541 3675 582 3736 te,
599 3673 630 3726 et
645 3684 702 3745 per
717 3663 838 3726 amicos
854 3673 1133 3750 quantascumque
1151 3678 1234 3750 pote·

281 3768 324 3831 ris
340 3767 455 3848 gratias
471 3765 598 3840 reseras,
610 3777 641 3826 et
651 3766 792 3827 maxime
803 3786 860 3847 per
872 3765 1022 3828 comitem
1036 3768 1233 3844 Gausridum,

281 3891 377 3954 quem
400 3867 516 3950 diligit,
533 3878 575 3944 et,
590 3870 617 3929 si
639 3867 774 3929 facultas
795 3867 930 3942 affuerit,
947 3890 1020 3931 eum
1043 3871 1190 3953 recipias,
1205 3880 1233 3932 et

280 3972 321 4034 ab
337 3966 408 4034 aliis
422 3970 523 4052 recipi
537 3969 638 4032 facias
653 3979 804 4053 tanquam
821 3970 971 4048 angelum
995 3971 1144 4047 Domini,
1159 3994 1232 4056 quo·

279 4071 364 4133 uiam
381 4083 413 4133 et
428 4072 508 4153 ipse,
520 4080 554 4134 ut
569 4071 712 4147 arbitror,
725 4072 787 4134 Dei
800 4071 945 4134 minister
958 4082 1017 4149 est,
1029 4086 1062 4136 et
1079 4086 1229 4157 quantum

278 4173 356 4234 licet
371 4171 505 4233 incuria
523 4173 664 4235 membra
676 4172 797 4236 Christi
808 4172 1026 4255 multipliciter
1042 4176 1228 4239 consolatru.

279 4273 369 4345 Quos
385 4290 463 4352 puer
479 4270 633 4334 invenerit
648 4269 819 4355 adjutores,
832 4270 942 4356 (prisce
958 4273 1000 4336 sit
1015 4296 1107 4337 meus
1123 4287 1228 4344 status,

278 4397 335 4457 pro
358 4381 447 4455 parte
469 4373 585 4453 poterit
609 4373 765 4454 judicare.
813 4372 1054 4456 lmputabisque
1086 4377 1225 4450 fortuna,
