3034 5500
418 751 455 808 ts
669 763 807 808 soaunvs
823 760 1102 807 sannausmansrs
1276 745 1323 824 [s.
1341 763 1369 807 o.

414 916 516 1003 specie
532 912 659 978 videtur
674 913 797 978 induta.
844 915 1005 977 Caeterum
1025 933 1125 997 quum
1143 935 1183 976 ex
1197 927 1269 999 post
1285 914 1369 980 sacto

412 1016 557 1082 diuturni
573 1014 689 1080 silentii
711 1037 808 1079 causa
830 1013 921 1078 nobis
941 1011 1092 1093 innotuit,
1106 1035 1165 1099 pro
1187 1027 1276 1079 ocrto
1298 1037 1369 1102 cog·

412 1119 557 1183 novimus
571 1140 633 1181 non
646 1131 711 1182 tam
723 1116 869 1182 dilationi
880 1114 1005 1179 veniam
1017 1113 1260 1199 indulgendam,
1270 1136 1366 1203 quam

410 1218 583 1295 dilectioni,
598 1233 630 1285 et
646 1217 864 1298 sollicitudini,
879 1238 975 1302 super
989 1239 1066 1281 sano
1086 1217 1218 1280 consilio
1231 1216 1365 1302 gratiam

410 1318 617 1384 referendam.
664 1320 767 1383 Nemo
790 1319 816 1383 si
837 1316 967 1403 quidem
989 1318 1125 1382 fratrum
1144 1330 1202 1382 aut
1224 1315 1363 1383 fidelium

410 1435 602 1500 nostrorum,
621 1421 679 1506 qui
701 1419 784 1483 circa
807 1442 863 1484 vos
886 1430 972 1496 sunt,
992 1432 1113 1485 tautam
1137 1418 1237 1483 nostri
1258 1441 1362 1484 curam

409 1521 527 1586 habere
542 1522 628 1586 visus
642 1536 701 1598 est,
718 1538 878 1585 uteorum
895 1542 969 1605 quae
984 1519 1066 1583 circa
1077 1519 1242 1584 dominum
1260 1543 1362 1608 regem

408 1624 502 1701 liunt,
517 1647 575 1688 nos
596 1637 698 1690 certos
721 1624 850 1701 taceret,
867 1636 923 1687 aut
948 1621 1075 1705 ignaros
1096 1635 1270 1689 eventuum
1290 1645 1364 1710 praa

410 1727 559 1792 muniret.
614 1725 709 1792 Unde
739 1739 770 1790 et
801 1724 893 1789 vobis
922 1746 980 1788 nos
1008 1723 1194 1810 ampliorem
1226 1724 1361 1789 fatemur

408 1828 543 1915 gratiam
565 1829 692 1905 debere,
709 1827 765 1914 qui
783 1828 857 1892 licet
880 1828 955 1912 plus
977 1849 1074 1912 quam
1098 1825 1253 1890 vellemus
1271 1826 1361 1891 silue·

409 1930 491 2010 ritis,
506 1928 709 2016 postmodum
733 1941 837 1992 tamen
859 1928 1087 1993 taciturnitatis
1107 1949 1227 1991 moram
1248 1928 1360 1992 discre-

409 2029 495 2095 tione
505 2031 638 2115 provida
652 2031 888 2116 compensastis.
921 2032 966 2093 Et
979 2033 1056 2114 quia
1070 2029 1226 2094 articulus
1236 2030 1361 2114 gravior

409 2130 537 2196 videtur
551 2131 708 2204 incidisse,
724 2154 781 2195 vos
795 2131 878 2195 sicut
893 2131 1023 2195 fratrem
1039 2143 1071 2194 et
1087 2131 1224 2195 amicum
1241 2133 1360 2198 carissi·

408 2256 496 2298 mum
513 2256 662 2318 rogamus
673 2233 837 2313 attentius,
859 2247 895 2297 ut
912 2256 969 2297 nos
983 2234 1016 2296 in
1032 2233 1166 2317 singulis
1182 2257 1256 2320 quae
1270 2258 1360 2321 expe-

407 2336 477 2401 dire
492 2335 642 2401 noveritis
657 2336 889 2422 praemuniatis,
903 2334 980 2420 quia
996 2333 1125 2399 consilio
1144 2348 1251 2400 vestro
1265 2336 1361 2423 pluri·

408 2460 495 2503 mum
526 2437 729 2524 adquiescere
757 2436 952 2524 jampridem
982 2435 1190 2503 decrevimus.
1236 2440 1282 2503 Et
1310 2438 1359 2502 hic

407 2539 522 2604 modus
530 2553 662 2624 est,quo
671 2551 809 2603 vestram
817 2538 991 2604 absentiam
1004 2538 1094 2602 nobis
1103 2539 1207 2603 facere
1216 2541 1358 2624 poteritis

406 2641 617 2721 fructuosam,
640 2640 666 2704 ai
695 2664 770 2727 qoae
798 2639 937 2704 ecclesiae
965 2658 1083 2705 nostra
1114 2639 1256 2705 salubria
1285 2657 1356 2705 suut

406 2743 594 2812 studueritis
608 2768 789 2832 procurare.
834 2743 955 2809 Valete.

674 2992 911 3057 EPISTULA
935 2990 1085 3057 XLVII.

448 3135 659 3199 Suscsmtus
681 3132 804 3197 litteras
826 3134 947 3200 domiui
963 3135 1057 3221 regis,
1073 3134 1193 3220 quibus
1214 3137 1356 3221 queritur

405 3235 606 3300 Willelmum
623 3235 770 3299 abbatem
786 3249 818 3300 et
834 3233 998 3301 ecclesiam
1019 3257 1106 3301 suam
1122 3238 1164 3301 de
1180 3236 1358 3302 Lislesbula

403 3361 423 3402 a
438 3335 529 3401 nobis
545 3337 626 3399 mole
637 3347 804 3401 tractatam
817 3361 895 3415 esse,
908 3352 1030 3425 petens,
1041 3361 1179 3419 causam,
1191 3361 1266 3425 quoe
1278 3339 1357 3403 inter

404 3463 457 3504 vos
472 3452 502 3503 et
514 3437 706 3523 jamdictum
721 3438 869 3504 abbatem
886 3442 1033 3519 vertitur,
1049 3464 1069 3505 a
1083 3442 1174 3506 nobis
1189 3440 1253 3505 line
1267 3464 1358 3506 cauo-

403 3542 475 3605 nico
486 3538 658 3614 terminari,
669 3554 701 3604 et
712 3540 772 3605 nisi
785 3542 892 3608 velitis
907 3542 1122 3628 adquiescere,
1131 3564 1194 3608 non
1206 3544 1357 3629 patietur,

402 3641 491 3729 quod
511 3644 544 3706 in
562 3641 728 3729 jamdictae
749 3643 889 3710 ecclesiae
909 3644 1030 3732 aliquid
1049 3668 1068 3709 a
1090 3644 1186 3710 modo
1204 3645 1357 3711 habentia

402 3748 472 3811 Nos
480 3758 585 3809 autem
594 3746 750 3831 jamdicto
759 3746 868 3811 abbati
878 3747 1094 3833 persuasimus
1102 3760 1140 3813 ut
1150 3746 1356 3835 appellationi

400 3848 487 3911 omni
502 3849 673 3927 renuntiet,
687 3848 714 3911 si
728 3861 761 3913 et
777 3872 834 3912 vos
849 3853 1029 3914 renuntiare
1047 3848 1221 3931 volueritis,
1235 3863 1269 3913 et
1284 3871 1357 3913 uos·

401 3961 485 4013 trum
498 3947 900 4036 subirejudicium‚etjam
912 3950 1039 4016 subhac
1051 3949 1232 4015 conditione
1243 3971 1357 4014 renun-

401 4049 492 4115 tiavit
504 4051 711 4137 appellationi
727 4065 758 4118 et
773 4050 867 4116 tacta
877 4066 909 4115 et
925 4051 1088 4118 faciendae.
1118 4051 1197 4116 lnde
1208 4066 1257 4116 est
1269 4049 1355 4138 quod

400 4153 501 4230 vobis,
524 4153 550 4217 si
573 4152 785 4218 conditionem
812 4153 892 4217 hanc
919 4153 1122 4232 admiseritis,
1145 4153 1231 4219 diem
1254 4152 1357 4241 praeii·

400 4255 504 4340 girum
525 4254 737 4330 Dominicam,
756 4276 821 4340 qua
840 4255 1036 4334 cantabitur,
1051 4259 1280 4322 Misericordia
1294 4256 1359 4321 Do·

398 4359 500 4421 mini:
534 4368 566 4418 et
595 4367 672 4419 tunc
697 4366 827 4419 auctore
855 4355 1005 4433 Domino,
1032 4357 1121 4443 quod
1150 4360 1181 4423 in
1209 4358 1357 4424 abbatem
