3034 5500
285 779 349 839 ato
543 784 980 833 sotuuisstassnsursusrs
1153 767 1237 842 [un.

358 1008 580 1072 EPISTOLA
605 1007 793 1070 ctu-m
808 1021 1030 1068 ssnnwruuu
1046 1022 1181 1067 recuro.

544 1125 777 1171 nxourausasr.
804 1105 851 1184 [s.
868 1125 901 1168 n.
923 1106 1038 1186 1166.]

312 1245 410 1306 Joan.
427 1241 552 1304 Sorech.
569 1241 763 1302 Baldewiuo
778 1240 1023 1302 archidiacono
1037 1240 1222 1303 Exosiettri.

335 1362 441 1423 chur
456 1379 476 1421 a
490 1359 600 1421 multis
621 1371 703 1421 retro
726 1357 931 1439 temporibus
954 1356 1130 1422 dilectioni
1145 1372 1242 1422 resne

291 1462 452 1527 obnoxius
473 1471 593 1538 tenear,
614 1471 722 1523 tamen
744 1470 856 1521 vestrae
879 1458 1081 1524 sinceritatis
1103 1481 1167 1524 non
1188 1472 1242 1524 tani

291 1565 444 1649 frequens
470 1583 567 1646 quam
587 1561 675 1644 jugis
697 1559 886 1623 sollicitudo
911 1559 1125 1626 devotionem
1152 1583 1243 1626 metm

294 1665 356 1731 sibi
386 1663 492 1728 reddit
519 1662 623 1726 indies
653 1662 771 1726 arctius
795 1660 982 1742 obligatam.
1036 1664 1145 1737 Quem
1168 1665 1243 1727 enin

294 1789 361 1830 non
375 1776 593 1851 promereatur
612 1765 645 1827 in
666 1762 808 1827 adversis
830 1762 1004 1845 infatigata
1019 1777 1054 1828 et
1066 1766 1244 1830 indeficiens

296 1867 388 1943 fides,
412 1866 505 1950 cujus
528 1875 641 1949 pectus
670 1885 734 1927 non
765 1862 938 1925 succendit
962 1877 996 1928 et
1020 1865 1244 1930 inflammatio

295 1968 446 2051 periculis
457 1981 490 2030 et
499 1966 685 2031 conflatorio
697 1966 1244 2051 tentationumcaritasincorruptt,

295 2070 450 2146 officiosa,
460 2082 493 2131 et
504 2065 765 2149 supereminens?
789 2066 887 2140 Quod
895 2067 931 2129 in
941 2068 1036 2132 vobis
1051 2068 1246 2146 commendo,

296 2172 329 2233 in
345 2189 397 2230 me
412 2170 547 2230 multum
562 2182 714 2251 expertus
735 2190 818 2245 snm,
832 2166 938 2232 sedin
955 2170 1052 2234 tratre
1066 2193 1142 2235 meo
1156 2171 1246 2253 mapa

294 2269 459 2353 experior:
493 2289 567 2331 nam
599 2281 716 2333 sortem
741 2269 811 2355 ejus
839 2291 912 2334 mea
941 2283 1059 2355 reputo
1086 2270 1247 2346 dunoren,

295 2372 358 2436 nisi
373 2368 461 2454 quod
477 2391 548 2433 mea
563 2382 595 2434 et
608 2371 696 2435 illius
718 2393 759 2435 ex
782 2373 890 2436 animo
913 2384 988 2437 sunt
1010 2375 1206 2451 communia,
1217 2382 1246 2436 et

294 2475 342 2537 sic
365 2471 475 2535 eadem
498 2471 642 2535 conditio
665 2484 721 2536 est
768 2473 908 2538 Gravius
930 2484 1039 2539 tamen
1061 2477 1185 2552 exulat,
1197 2471 1246 2558 qui

297 2574 383 2638 dorni
414 2573 535 2636 exulat.
589 2573 682 2636 Sicut
710 2573 798 2636 enim
828 2573 861 2636 in
893 2575 1022 2639 civitate
1052 2597 1114 2640 sua
1142 2575 1245 2638 florere

297 2677 470 2761 gloriosum
493 2687 554 2753 est,
576 2687 609 2738 et
625 2674 806 2759 jucundum
828 2676 990 2740 nobilitari
1014 2678 1051 2740 in
1073 2677 1188 2761 patria,
1206 2676 1246 2738 ita

298 2778 386 2863 apud
415 2798 490 2841 suos
526 2799 631 2859 egere,
659 2789 714 2841 aut
745 2778 898 2842 vilescere
934 2781 1161 2844 calamitosum
1191 2787 1244 2842 cst

299 2881 437 2945 Minoris
459 2899 600 2964 namque
629 2880 859 2943 erubescentiae
891 2895 939 2944 est
963 2880 1053 2964 apud
1082 2893 1246 2946 extraneos

300 2982 489 3046 mendicare.
521 2982 705 3044 Nonnullus
720 2995 837 3057 autem,
848 2982 914 3044 imo
928 2993 962 3045 et
976 2984 1101 3047 multus
1115 2997 1164 3047 est
1178 3003 1248 3046 usus

299 3083 497 3147 adversitatis
517 3082 622 3165 hujus,
637 3083 764 3166 utrique
786 3094 941 3161 nostrum,
955 3104 1015 3165 per
1034 3105 1134 3168 qnam
1148 3095 1181 3147 et
1194 3103 1247 3146 nos

300 3184 405 3259 nobis,
428 3196 461 3245 et
490 3183 639 3261 mundus,
668 3196 701 3247 et
730 3184 859 3248 fidelius
887 3195 921 3248 et
948 3185 1141 3250 familiarius
1162 3188 1247 3249 inno

299 3283 402 3346 tescit
447 3285 593 3348 Tandem
612 3286 698 3348 enim
717 3284 881 3364 discimus,
895 3286 984 3370 quod
1005 3308 1026 3350 a
1048 3288 1160 3351 multis
1173 3298 1247 3350 tem·

299 3383 431 3465 poribus
451 3384 660 3458 audieramus,
677 3399 709 3448 et
728 3386 882 3467 scriptum
899 3396 948 3449 est
962 3411 983 3451 a
996 3387 1116 3450 seculis
1138 3386 1249 3463 multis,

302 3483 368 3551 Qui
393 3486 428 3546 in
452 3489 617 3569 prosperis
638 3490 766 3550 omues
789 3509 851 3552 nor
875 3498 1027 3570 apparet,
1050 3491 1087 3551 in
1113 3490 1250 3553 odoerris

300 3607 365 3651 non
386 3589 466 3650 latet
488 3590 652 3653 inimicus.
697 3590 799 3674 Ergo,
820 3590 1041 3670 dilectissime,
1059 3592 1094 3654 in
1114 3591 1251 3675 procella

301 3688 436 3754 turbinis
445 3691 670 3776 hujuslarvam
682 3692 818 3776 quisque
829 3690 980 3776 deposuit
990 3713 1087 3777 quarn
1098 3691 1250 3768 induerat,

300 3804 334 3857 et
353 3793 484 3858 fallaces
507 3794 655 3858 abstersit
676 3792 781 3872 fucos,
803 3805 835 3857 et
857 3816 951 3858 suum
974 3794 1120 3860 ostendit
1133 3795 1249 3858 vultum

300 3897 380 3960 facie
407 3898 553 3960 revelata.
600 3896 696 3960 Unde
721 3897 799 3980 quia
821 3897 896 3961 fidei
923 3910 955 3961 et
976 3897 1122 3962 caritatis
1143 3909 1249 3960 vestra

299 3999 412 4062 faciem
435 4001 469 4061 in
490 4011 602 4074 vestra,
625 4019 697 4081 quse
721 3999 857 4073 videtur,
876 4000 1093 4073 tribulatione,
1117 3998 1248 4063 eandem

300 4100 429 4183 quidem
442 4102 614 4178 cernimus,
625 4101 683 4165 sed
695 4103 807 4185 utique
818 4103 984 4166 clariorem
995 4115 1027 4166 et
1039 4102 1249 4171 immitiorem,

297 4222 368 4263 eam
391 4201 465 4285 jure
494 4215 527 4266 et
552 4203 664 4265 merito
689 4204 827 4286 amplius
850 4205 1079 4286 approbamus,
1103 4213 1139 4267 ot
1164 4214 1198 4265 ut
1218 4200 1245 4262 ei

299 4302 456 4382 condigne
494 4303 725 4385 respondeatur
761 4326 781 4367 a
818 4306 913 4369 nobis
949 4306 1072 4369 crebris
1108 4302 1247 4387 suspiriis

298 4418 455 4486 optamus,
478 4416 509 4464 et
535 4405 674 4467 maximo
700 4405 876 4471 desiderio:
911 4422 943 4470 et
972 4406 1102 4490 quidem
1127 4404 1246 4469 interint
