3034 5500
415 760 475 819 toa
663 769 799 815 saturus
813 766 1088 813 maasnsmnusrs
1235 783 1237 787 ·
1268 751 1316 825 [s.
1332 769 1360 814 n.

405 923 571 1010 judicium.
615 921 710 996 Quod
734 932 771 983 ut
793 919 921 1005 possitis
940 916 1121 981 examinare
1143 916 1283 993 sacilim,
1297 939 1359 980 rem

409 1025 519 1110 paucis
544 1021 692 1109 aperiam.
738 1021 869 1106 Elapsis
893 1019 1066 1083 admodum
1093 1017 1208 1104 paucis
1237 1015 1359 1092 diebus,

408 1133 577 1210 postquam
601 1122 641 1186 ad
664 1143 721 1185 nos
742 1119 911 1206 applicuit,
937 1117 1041 1204 palam
1068 1117 1221 1182 omuibus
1244 1118 1359 1182 sactum

410 1240 467 1305 est,
482 1224 559 1310 quia
573 1224 602 1288 ei
616 1221 706 1287 labor
726 1221 876 1308 perierat,
890 1233 922 1284 et
939 1220 1029 1283 robis
1049 1242 1148 1305 opera
1163 1231 1197 1284 et
1212 1218 1361 1305 impensa.

410 1326 539 1391 Deinde
561 1326 739 1399 nobiscum,
753 1336 784 1386 et
807 1323 839 1386 in
863 1321 999 1386 circuita
1021 1333 1131 1386 nostro
1153 1333 1300 1385 moratus
1318 1334 1362 1385 ast

410 1451 468 1514 per
482 1427 551 1491 dies
566 1426 702 1512 aliquot,
713 1438 745 1489 et
757 1446 791 1488 se
805 1422 908 1487 levius
922 1445 1017 1508 quam
1034 1421 1214 1509 expediret,
1225 1422 1260 1486 ia
1270 1422 1361 1486 verbo

410 1529 571 1594 duntaxat
584 1542 619 1592 et
634 1539 726 1612 gestu
740 1525 835 1606 (nihil
851 1529 934 1590 enim
949 1524 1156 1590 criminosum
1173 1525 1205 1589 ia
1222 1548 1262 1589 eo
1274 1526 1362 1610 argui

411 1635 530 1718 potest)
554 1630 717 1717 paulisper
738 1627 855 1692 babere
881 1627 989 1714 coepit.
1035 1625 1214 1691 &alluunt
1241 1626 1284 1690 ad
1309 1649 1362 1690 aas

412 1734 504 1801 malti
519 1735 679 1821 sapientes
699 1744 732 1795 et
752 1731 949 1817 insipientes,
965 1743 1001 1792 ut
1018 1751 1106 1792 error
1120 1741 1180 1793 aut
1195 1728 1363 1814 prudentis

413 1856 569 1921 nusquam
608 1834 707 1920 possit
743 1831 869 1896 facilius
896 1830 1101 1916 deprehendi.
1163 1830 1256 1894 Sicut
1290 1852 1363 1915 ergo

413 1935 559 2021 placebat
582 1934 718 1999 hominis
739 1933 894 1999 sobrietas
915 1946 946 1996 et
968 1931 1177 2008 contineatis,
1193 1933 1242 1995 sic
1256 1931 1363 1997 levitas

415 2035 515 2113 verbi,
530 2050 561 2099 et
577 2051 700 2120 gestus,
716 2050 747 2099 et
763 2035 964 2100 consiliorum
984 2033 1198 2098 inconstantia
1221 2033 1362 2120 displice-

412 2138 479 2202 bat.
526 2136 721 2201 Movebatur
743 2136 826 2199 enim
854 2135 945 2200 facile
970 2150 1003 2199 ct
1028 2138 1290 2220 intemperanter,
1311 2134 1363 2199 sed

413 2240 491 2303 iram
518 2238 679 2303 interdum
707 2238 801 2303 facile
826 2238 1018 2324 deponebat,
1044 2238 1179 2324 etquis
1202 2237 1363 2303 convictus

413 2340 592 2419 curialium,
605 2339 834 2426 popularisque
855 2341 1013 2405 tumultus
1034 2339 1282 2426 simplicioribus
1302 2342 1363 2405 ani·

413 2444 472 2507 mis
483 2465 657 2528 numquam
668 2455 723 2507 aut
736 2465 809 2506 raro
819 2443 945 2530 prolicit
960 2442 1001 2507 ad
1017 2443 1212 2528 religionem,
1221 2443 1363 2509 consulto

413 2545 517 2631 ὶρευω
533 2544 617 2609 circa
627 2545 828 2624 monasteria,
837 2559 868 2609 et
878 2545 1055 2622 canonicas,
1066 2545 1190 2630 quibus
1199 2545 1363 2612 familiaris

413 2668 511 2722 eram,
523 2644 601 2708 dum
611 2644 697 2730 apud
710 2667 768 2709 nos
778 2643 929 2731 degebat,
938 2643 1024 2708 volui
1037 2644 1210 2711 immorari.
1233 2646 1362 2712 Interim

415 2768 545 2832 quoque
560 2744 696 2821 consuli,
711 2759 749 2809 ut
764 2759 917 2830 cognatos
934 2769 1021 2824 suos,
1035 2768 1118 2831 quos
1133 2745 1273 2822 volebat,
1288 2746 1364 2811 invi-

415 2863 513 2915 seret:
538 2848 582 2914 ita
594 2866 698 2913 tamea
714 2864 751 2914 ut
763 2848 809 2913 eis
819 2870 1021 2935 nequaquam
1033 2849 1124 2913 daret
1139 2871 1229 2935 spem
1245 2848 1365 2914 reditus

415 2952 475 3017 sui.
520 2953 683 3038 Expertus
708 2952 792 3015 enim
819 2973 888 3014 sum
914 2951 946 3014 in
970 2950 1081 3016 multis
1105 2950 1256 3037 negotiis,
1278 2952 1363 3039 quod

415 3077 517 3141 quum
546 3056 579 3118 in
610 3056 706 3117 turba
736 3054 868 3118 seculari
898 3054 999 3118 solum
1031 3055 1223 3119 monachum
1250 3054 1364 3119 versari

415 3154 627 3239 periculosum
644 3156 744 3235 cst‚in
760 3170 856 3239 gente
869 3171 977 3221 nostra
993 3155 1295 3241 periculosissimum
1309 3171 1364 3221 est

415 3258 557 3320 Puerum
572 3278 658 3339 ergo,
676 3277 843 3341 perquem
859 3256 950 3321 vobis
964 3255 1083 3339 gratias
1096 3256 1148 3341 egi
1163 3256 1205 3322 de
1220 3259 1365 3343 panibus,

415 3370 527 3444 potum
558 3379 687 3443 quoque
718 3372 839 3443 petens,
868 3358 1019 3444 quoniam
1049 3381 1111 3421 non
1140 3360 1245 3442 magis
1272 3359 1367 3446 epulo

414 3481 511 3543 quam
527 3458 603 3523 bibo
619 3482 701 3535 sum,
714 3459 794 3525 sicut
810 3461 921 3538 nostis,
935 3460 975 3523 ad
993 3483 1048 3524 vos
1062 3459 1232 3538 destinavi,
1250 3476 1287 3526 ut
1302 3484 1366 3525 ves-

414 3575 498 3625 trum
516 3582 612 3646 super
627 3582 714 3624 mora
726 3558 776 3623 vel
791 3560 896 3626 reditu
913 3562 984 3648 ejus
998 3561 1164 3627 consilium
1180 3574 1365 3650 reportaret.

415 3661 491 3737 Quo
510 3684 630 3727 moram
650 3662 796 3739 iaciente,
819 3686 920 3748 quum
943 3664 1002 3727 boc
1022 3664 1174 3749 expedire
1193 3686 1365 3739 cernerem,

413 3768 544 3831 fratrem
560 3766 718 3830 Thomam
739 3768 859 3841 monui,
877 3780 913 3831 ut
929 3766 1057 3831 rediret.
1102 3766 1281 3833 Molestum
1297 3766 1364 3854 qui·

414 3869 485 3933 dem
511 3868 588 3942 fuit,
614 3889 671 3930 nec
696 3867 738 3932 ob
765 3867 825 3932 hoc
847 3868 967 3948 destiti,
989 3868 1043 3932 sed
1066 3891 1105 3931 eo
1127 3870 1232 3954 magis
1252 3869 1363 3942 institi,

413 3970 501 4056 quod
524 3968 564 4031 de
579 3992 617 4031 eo
632 3969 809 4046 retinendo,
825 3970 942 4056 plures,
966 3973 1022 4057 qui
1046 3992 1119 4033 eum
1135 3970 1176 4034 ad
1194 3971 1363 4048 modicum,

414 4083 458 4144 et,
486 4084 521 4132 ut
552 4068 600 4141 fit,
625 4068 656 4132 in
689 4069 824 4133 transitu
852 4068 1009 4145 viderant,
1035 4068 1183 4133 videbam
1208 4069 1365 4134 sollicitos.

413 4171 495 4235 Nam
526 4183 557 4230 et
588 4191 638 4232 me
668 4168 799 4252 quidam
831 4193 940 4234 eorum
975 4168 1198 4235 sollicitabant.
1261 4169 1364 4256 Magis

412 4275 521 4359 itaque
547 4282 653 4334 motus
677 4291 757 4341 sum,
783 4284 815 4332 ct
841 4283 874 4334 ut
903 4270 1033 4349 rediret,
1057 4271 1210 4355 majorem
1237 4292 1360 4357 operam

412 4377 496 4444 dedi.
542 4375 625 4438 Nam
649 4370 687 4434 de
711 4370 866 4436 industria
890 4370 1034 4436 subtraxi
1059 4386 1220 4454 sumptus,
1238 4372 1362 4437 coasilia
