3034 5500
286 767 348 824 304
549 772 685 819 JOANNIS
702 771 982 817 sanassnnrsusrs
1146 759 1191 833 [a.
1207 778 1234 820 n.

289 930 404 1005 durior,
419 941 454 991 ut
474 949 538 990 non
560 928 750 989 erubescant
773 925 982 1002 confidenter,
998 938 1035 990 ut
1050 929 1151 1004 aiunt,
1164 951 1235 1012 prae·

289 1031 394 1094 dicare
409 1030 628 1094 innocentiam
644 1027 795 1104 hominis,
806 1027 899 1111 cujus
909 1027 1068 1091 malitiam
1083 1042 1116 1092 et
1129 1031 1235 1114 iniqui-

287 1142 367 1195 tates
382 1132 482 1207 norit,
497 1129 651 1213 praedicat
666 1141 698 1191 et
715 1128 893 1191 detestatur
913 1128 1121 1193 Christianus
1136 1129 1236 1193 orbis?

286 1233 513 1297 Convenerunt
533 1252 618 1308 eum,
641 1243 676 1293 ut
699 1231 825 1306 dicitnr,
848 1232 1008 1314 Episcopi
1040 1233 1188 1295 London.
1209 1248 1238 1295 et

287 1335 454 1398 Heresord.
477 1335 595 1417 quibus
619 1355 664 1408 se,
686 1344 723 1395 ut
747 1334 849 1409 aiunt,
869 1333 910 1396 ad
934 1355 1066 1397 omnem
1086 1335 1237 1418 justitiam

287 1437 412 1499 obtulit.
458 1438 575 1499 Nonne
592 1436 763 1518 episcopus
786 1433 888 1497 Lond.
904 1436 960 1498 ille
977 1446 1040 1511 est,
1056 1438 1111 1520 qui
1126 1438 1238 1521 primus

287 1539 321 1600 iu
337 1540 455 1619 Anglia
467 1537 562 1600 scidit
573 1538 718 1601 ecclesiae
734 1537 899 1612 unitatem,
911 1536 1002 1620 quod
1018 1560 1134 1601 omnes
1147 1560 1238 1601 nore·

286 1650 370 1716 runt,
384 1652 416 1703 et
439 1639 750 1722 archiepiscopandi,
766 1637 853 1722 quod
876 1640 1007 1723 plurimi
1030 1640 1237 1722 suspicantur,

288 1740 462 1803 ambitione
485 1751 618 1814 tractus,
632 1741 730 1802 totius
752 1739 847 1821 hujus
868 1740 1042 1803 discordiae
1067 1743 1169 1804 fomes
1183 1742 1237 1803 inr-

288 1843 400 1925 primis
414 1843 533 1916 extitit,
549 1850 581 1904 et
601 1840 774 1904 incentor?
812 1842 931 1904 Nonne
953 1844 1060 1923 stylus
1079 1844 1150 1926 ipse
1169 1864 1239 1906 con·

288 1945 389 2007 vincit
412 1943 605 2026 Achitophel
627 1953 660 2005 et
682 1943 808 2020 Doech‚
833 1964 969 2025 quorum
992 1946 1112 2026 spiritu
1134 1947 1241 2027 plenus

288 2056 347 2120 est,
376 2046 410 2108 in
441 2046 500 2109 hac
532 2045 667 2128 epistola
690 2045 899 2128 expressisse,
924 2048 1173 2109 communicatis
1197 2048 1241 2108 his

288 2168 360 2230 quae
376 2146 495 2226 fingere
510 2147 618 2228 potuit
640 2167 681 2207 ex
706 2147 820 2228 spiritu
835 2168 905 2223 suo,
920 2149 975 2229 qui
997 2157 1116 2210 neutro
1137 2169 1239 2210 eorum

286 2248 318 2308 in
345 2243 474 2323 talibus,
498 2267 599 2308 rerum
626 2248 827 2328 experientia
850 2250 1082 2332 comprobatur
1107 2250 1239 2312 inferior.

286 2350 370 2411 Nam
387 2358 418 2409 et
440 2349 567 2430 loquela
589 2346 659 2430 ejus
682 2349 787 2431 ipsum
811 2351 1014 2413 manifestum
1038 2352 1127 2414 facit
1173 2353 1238 2414 Nec

284 2469 362 2511 curo
373 2445 413 2509 de
423 2447 599 2511 mendaciis
610 2471 681 2531 quae
691 2471 789 2531 super
800 2451 927 2514 introitu
938 2465 1044 2514 restro
1055 2454 1238 2516 interserere

284 2570 381 2613 ausus
403 2560 461 2622 est,
485 2549 560 2631 quia
588 2572 727 2632 praescns
749 2551 866 2628 audiri,
888 2564 921 2614 et
943 2553 1018 2614 ridi.
1068 2555 1164 2617 Solus
1188 2555 1238 2616 ille

285 2653 416 2715 verbum
431 2651 596 2715 electionis
610 2664 721 2715 vestrae
737 2666 859 2732 gratum
874 2675 939 2716 uon
958 2655 1083 2732 habuit,
1099 2657 1156 2739 qui
1178 2677 1238 2739 pre

285 2756 409 2818 ooeteris
420 2754 580 2831 omnibus,
590 2755 675 2837 quod
692 2776 735 2817 ex
751 2756 858 2818 multis
874 2757 988 2820 claruit
998 2768 1030 2819 et
1045 2760 1146 2821 claret
1161 2757 1241 2821 iudi·

285 2857 356 2935 ciis,
372 2857 452 2919 utin
469 2855 577 2918 sedem
594 2867 727 2919 vestram
750 2855 953 2919 induceretur
976 2859 1148 2941 aspiravit:
1179 2881 1239 2922 non

286 2971 389 3022 tamen
413 2958 468 3021 diu
483 2957 614 3040 obloqui
630 2979 726 3020 ausus
748 2968 807 3036 est,
821 2958 892 3021 aliis
914 2960 1122 3039 arguentibus
1144 2961 1240 3023 ambi·

284 3061 405 3123 tionem
421 3070 453 3124 et
468 3058 699 3141 impudentiam
716 3059 796 3142 ejus.
838 3058 1003 3142 Quicquid
1018 3082 1096 3141 ergo
1111 3061 1241 3125 haberet

284 3162 394 3237 animi,
420 3182 514 3244 quem
545 3159 585 3221 do
611 3160 809 3223 couscientia
831 3159 959 3244 judicat
990 3161 1164 3238 Dominus,
1189 3165 1236 3225 in·

282 3264 394 3345 primis
406 3262 592 3344 eligentium
606 3262 678 3339 suit,
689 3274 721 3325 et
736 3263 884 3326 electioni
899 3263 994 3325 tacta
1011 3264 1075 3326 fere
1090 3266 1238 3327 omnibus

282 3366 355 3446 plus
376 3365 547 3447 applausit.
594 3364 680 3437 Quid
704 3364 810 3428 dicam
837 3364 878 3427 de
906 3362 1153 3429 Herefordiensi
1179 3368 1235 3428 nisi

280 3465 368 3548 quod
382 3465 579 3549 aliquandiu,
592 3467 653 3528 etsi
668 3487 732 3529 non
746 3467 864 3547 magni,
877 3467 965 3529 stetit
980 3480 1089 3529 tamen
1101 3468 1234 3551 alicujus

281 3567 418 3630 nominis
432 3568 555 3644 umbra,
570 3581 742 3651 antequam
765 3570 899 3632 sciretur
920 3569 994 3653 quis
1016 3584 1121 3633 esset:
1152 3591 1236 3633 nrrnc

281 3681 386 3734 autem
403 3669 462 3731 sub
477 3670 614 3732 obtentu
629 3670 709 3752 ejus,
725 3671 781 3754 qui
797 3671 955 3734 litteratus
975 3671 1118 3735 creditur
1132 3675 1174 3735 ab
1190 3673 1238 3735 his

280 3774 335 3856 qui
357 3774 478 3835 litteras
500 3773 657 3851 ignorant,
681 3786 735 3835 aut
756 3774 874 3855 ipsum,
895 3794 985 3835 suam
1011 3776 1124 3837 volunt
1145 3775 1234 3858 impii

280 3876 432 3937 malitiam
449 3896 629 3958 procurare,
645 3889 680 3936 ut
696 3875 841 3938 videatur
855 3888 1107 3939 consentaneum
1123 3877 1234 3940 rationi

278 3973 435 4055 quicquid
466 3975 632 4051 litteratus,
662 3989 694 4037 et
730 3977 880 4057 antiquus
908 3973 1032 4036 dierum
1064 3978 1235 4061 episcopus

278 4075 508 4156 approbaverit.
565 4077 652 4156 Ergo
681 4075 752 4138 istis
786 4074 913 4138 duobus
950 4077 1159 4159 respondere,
1187 4078 1232 4139 vel

278 4173 446 4237 sentcntiae
462 4196 568 4237 eorum
585 4178 801 4260 acquiescere,
816 4188 865 4239 est
886 4176 1019 4238 transire
1042 4180 1176 4240 omnino
1197 4178 1230 4240 in

278 4277 467 4340 sententiam
492 4278 738 4354 Loudoniensis,
753 4300 791 4340 ec
817 4279 842 4340 si
866 4280 898 4340 in
915 4277 1078 4341 Caesarem
1102 4300 1231 4362 compu-

276 4392 394 4443 taretur
409 4391 440 4444 et
458 4379 615 4444 Bibulum.
662 4382 773 4445 Ethici
788 4381 815 4443 si
831 4379 960 4464 quidem
976 4381 1182 4457 meministis,
