3034 5500
165 776 328 856 llos-8]
542 793 719 838 cussonis.

337 994 558 1059 EPISTOLA
607 996 741 1059 ll.-so
759 1014 910 1059 sunnon.

415 1131 557 1192 Domino
567 1149 664 1210 papo
683 1131 840 1195 Adriano.

189 1265 244 1329 Ex
264 1263 420 1326 mandato
439 1262 623 1347 apostolicas
643 1263 727 1326 sedis
750 1263 832 1327 latos
853 1265 966 1329 horum
984 1268 1103 1329 Beren-

146 1366 253 1451 garius
271 1367 306 1429 in
327 1377 437 1429 nostra
458 1364 629 1450 praesentia
649 1366 737 1430 stetit
753 1367 907 1431 adversus
927 1367 1098 1449 Rogerium

145 1467 186 1532 de
215 1465 427 1533 Piclrewurda
454 1476 598 1540 acturus,
625 1479 657 1529 et
688 1479 760 1552 post
787 1465 905 1531 multas
933 1470 1101 1553 utriusque

144 1571 245 1656 partis
270 1569 477 1653 allegationes
499 1567 582 1631 inter
604 1590 658 1633 eos
679 1568 892 1653 compositum
917 1569 990 1633 luit.
1037 1571 1098 1633 Sed

143 1690 182 1736 ne
206 1692 358 1759 processu
386 1670 538 1756 temporis
567 1669 650 1733 alter
679 1669 836 1734 adversus
866 1670 1003 1735 alterum
1033 1694 1101 1737 sus-

142 1773 264 1838 citandi
284 1771 374 1836 litem
398 1769 494 1837 ullam
517 1785 624 1857 posset
649 1772 765 1835 habere
788 1771 994 1848 occasionem,
1016 1794 1101 1837 com·

143 1875 334 1961 positionem
349 1875 500 1938 intereos
515 1874 632 1939 factam
649 1872 724 1937 fidei
747 1873 901 1958 religione
917 1876 1101 1960 juramento

143 1975 278 2040 fecimus
301 1976 456 2040 roborari.
502 1978 602 2039 Porro
624 1974 781 2061 praefatus
807 1977 962 2062 llogerius
987 1978 1100 2042 nihilo-

143 2079 261 2156 minus,
283 2091 396 2142 contra
418 2077 595 2164 pactionem
619 2077 705 2141 illam
732 2075 860 2142 veniens
879 2091 912 2144 et
932 2079 1006 2144 fidei
1029 2081 1100 2145 reli-

143 2182 283 2267 gionem,
297 2181 521 2267 compositioni
545 2194 628 2245 stare
650 2180 764 2258 noluit,
788 2183 828 2245 de
853 2205 919 2268 quo
938 2183 970 2246 in
993 2198 1101 2248 nostra

142 2284 312 2348 convictus
334 2282 513 2370 praesentia,
536 2285 751 2369 suspensionis
774 2303 900 2370 poenam
916 2287 1101 2372 reportavit,

144 2404 243 2469 quam
267 2397 380 2470 postea
402 2402 460 2469 per
482 2382 731 2448 satisfactionem
753 2406 939 2470 congruam,
955 2408 1051 2471 quam
1068 2410 1101 2450 se

145 2486 369 2572 praestiturum
379 2485 587 2572 promittebat
600 2488 812 2563 ¹..evadens
821 2489 937 2552 iterum
949 2488 1101 2572 tergiver-

146 2592 208 2653 sari
224 2589 335 2676 coepit,
351 2603 382 2655 et
407 2600 444 2652 ut
458 2612 572 2654 manus
586 2603 709 2655 nostras
729 2591 891 2666 evaderet,
907 2591 946 2655 ad
965 2604 1100 2655 vestram

145 2692 323 2781 appellavit
349 2690 563 2777 praesentiam,
589 2693 673 2758 diem
698 2695 867 2780 praefigens
891 2692 1102 2772 Dominicam,

146 2818 214 2881 qua
250 2809 399 2859 cantatur
437 2797 566 2861 Latara
604 2795 824 2860 Hierusalem.
879 2799 929 2858 Ne
966 2807 1101 2858 vestram

146 2898 261 2983 itaque
284 2896 383 2981 possit
405 2897 633 2962 circumvenire
656 2896 870 2969 clementiam,
886 2916 985 2977 quum
1005 2896 1103 2959 mnni-

146 2998 317 3064 festissime
338 3013 447 3064 contra
469 2999 564 3063 fidem
593 2997 715 3061 venisse
740 3009 773 3061 et
791 2998 1020 3082 juramentum,
1044 3019 1103 3080 pro

147 3113 235 3165 certo
251 3100 330 3165 sciat
342 3101 514 3166 eminentia
529 3113 644 3166 vestroe
658 3096 845 3164 sanctitatis.

326 3409 552 3476 EPlSTOLA
597 3411 749 3474 Ill-sn
767 3427 919 3477 sonosu.

413 3547 555 3609 Domino
567 3565 664 3626 papo
682 3544 841 3609 Adriano.

192 3682 249 3747 Ut·
276 3682 318 3746 de
341 3679 402 3757 his,
427 3702 502 3766 quae
527 3679 569 3743 ad
594 3700 688 3743 aures
714 3680 893 3744 sanctitatis
923 3694 1035 3745 vestrae
1061 3682 1102 3746 ab

146 3783 303 3850 insulanis
317 3782 434 3847 nostris
448 3782 669 3866 perferuntur,
684 3779 813 3865 cognita
835 3782 879 3845 rei
897 3782 997 3847 totius
1011 3786 1102 3860 serie,

148 3887 315 3951 meliusne
331 3883 469 3948 lucidius
478 3883 627 3969 judicare
642 3882 781 3968 possitis,
797 3883 837 3947 de
854 3884 952 3949 latore
969 3907 1103 3970 praesen-

149 3990 243 4065 tium,
259 3999 421 4074 quatenus
434 3985 556 4050 factum
573 3983 666 4049 nobis
682 3983 834 4061 innotuit,
851 3999 989 4049 vestram
1004 3986 1103 4050 mitti-

149 4113 222 4157 mus
237 4088 411 4154 cartificare
422 4087 650 4152 excellentiam.
696 4085 832 4170 Bajolus
843 4086 973 4171 quidem
989 4087 1103 4149 horum

148 4217 168 4258 a
194 4189 370 4257 venerabili
393 4188 492 4253 fratre
517 4199 623 4253 vestro
649 4187 792 4252 Henrico
823 4188 914 4251 bonae
945 4185 1104 4251 memoriae

151 4293 347 4361 Eboracensi
385 4291 621 4377 archiepiscopo
663 4290 832 4375 presbyter
869 4290 1036 4355 ordinatus
1072 4289 1103 4350 in

151 4399 264 4463 ordine
291 4416 352 4460 suo
377 4392 565 4479 aliquandiu
594 4391 805 4457 ministravit:
838 4391 972 4475 contigit
998 4399 1105 4451 autem

604 4494 659 4554 nss
