3034 5500
297 780 358 836 tut
391 799 395 808 ·
548 790 685 834 scaurus
700 785 976 832 saussauuransrs
1148 764 1191 850 [a.
1208 786 1233 829 n.

293 954 327 1007 ot
346 945 533 1006 auctoritate
552 941 680 1023 gradus,
700 954 732 1003 et
751 942 925 1003 litterarum
945 951 980 1002 ct
997 941 1127 1002 habitus
1148 940 1234 1001 simu

293 1046 411 1109 latione
423 1045 625 1127 praeminent,
637 1042 838 1126 periclitetur
847 1042 1036 1104 innocentia
1051 1042 1130 1125 ejus.
1164 1041 1236 1103 Nam

292 1156 325 1208 et
336 1145 435 1208 duces
450 1146 554 1228 quiin
570 1145 668 1207 lsrael
681 1145 788 1207 officio
799 1144 1067 1227 principabantur
1080 1155 1113 1205 et
1127 1142 1236 1214 merito,

292 1249 426 1330 Moyses
441 1246 591 1310 videlicet
610 1260 642 1308 et
657 1249 776 1321 Aaron,
792 1246 832 1309 ad
852 1266 952 1328 aquas
973 1243 1237 1315 contradictionis,

291 1347 414 1428 impetu
428 1346 644 1410 multitudinis
662 1346 746 1429 lapsi
768 1357 852 1416 sunt,
867 1355 904 1408 ut
918 1357 1009 1408 terrae
1025 1343 1238 1427 promissionis

292 1448 528 1512 demererentur
550 1448 722 1510 introitum.
770 1445 866 1529 Apud
889 1466 949 1508 nos
972 1467 1049 1508 raro
1071 1446 1156 1508 sama
1178 1445 1238 1506 sul·

293 1551 389 1632 gavit,
405 1551 579 1630 Anglorum
594 1550 766 1633 episcopos
775 1549 843 1631 jam
859 1547 979 1630 sapius
995 1548 1195 1623 convenisse,
1208 1559 1237 1607 ut

293 1650 471 1714 deliberent
492 1663 525 1715 et
551 1651 726 1714 decernant
750 1650 828 1733 quid
852 1650 938 1711 sacto
968 1669 1053 1730 opus
1076 1649 1129 1711 sit
1179 1646 1235 1709 Sed

293 1753 372 1836 quid
388 1775 498 1836 quaeso
513 1775 583 1817 rere
606 1753 789 1828 decement‚
804 1751 864 1813 nisi
884 1772 919 1813 se
939 1752 1063 1813 turbari
1078 1762 1112 1814 et
1126 1752 1236 1826 timere,

292 1867 326 1917 et
354 1865 524 1936 utrumque
550 1874 647 1935 supra
671 1851 826 1915 modum?
861 1850 939 1934 quid
967 1850 1156 1927 decernent,
1184 1850 1237 1912 uisi

293 1956 378 2038 quod
406 1955 520 2018 cedere
543 1956 720 2017 maluerunt
740 1951 952 2035 impudenter,
976 1973 1074 2035 quam
1099 1952 1237 2036 iujuriam

291 2058 421 2119 viriliter
439 2054 651 2138 propulsare?
676 2055 754 2139 quid
776 2055 950 2117 decernent
966 2076 1051 2130 rere,
1073 2055 1136 2117 nisi
1158 2052 1234 2138 quod

287 2157 441 2239 iniquitas
456 2157 647 2233 dominetur,
664 2169 697 2220 et
718 2158 780 2240 ipsi
800 2156 1014 2238 peccantibus
1034 2177 1100 2218 uon
1118 2177 1233 2219 annun·

289 2254 376 2317 ciant
391 2255 488 2317 vitam
504 2275 605 2332 suam,
620 2276 681 2317 nec
698 2257 780 2319 viam
797 2255 931 2318 Domini
946 2256 1147 2321 ostendunt?

333 2358 403 2419 Nec
430 2357 492 2420 hoc
517 2356 667 2436 dixerim,
690 2358 777 2442 quod
804 2378 876 2421 eum
896 2358 990 2420 velim
1013 2368 1070 2420 aut
1091 2359 1235 2422 suadeam

288 2461 307 2492 “
318 2458 452 2539 dirigere
463 2459 596 2522 brachia
607 2472 718 2523 contra
731 2459 929 2532 torrentem,”
941 2473 996 2522 aut
1006 2472 1044 2523 ut
1055 2482 1090 2523 se
1103 2461 1236 2523 multitu·

289 2561 357 2623 dini
368 2559 585 2642 imprudenter
593 2573 753 2645 opponat:
771 2575 803 2625 et
814 2561 984 2624 ecclesiam
1001 2583 1093 2625 suam
1103 2577 1237 2645 exponat

289 2661 441 2745 periculis
467 2673 500 2724 et
526 2663 691 2736 arumnis3
721 2661 779 2726 sed
804 2673 838 2724 ut
864 2663 1005 2725 imitetur
1028 2664 1118 2746 quod
1142 2668 1236 2727 bonos

288 2767 401 2830 secisse
424 2765 570 2845 legimus,
593 2764 692 2829 Cusai
714 2765 912 2843 Arachitem,
935 2765 990 2848 qui
1015 2768 1235 2830 consiliumet

288 2869 441 2932 malitiam
471 2866 664 2950 Achitophel
698 2867 914 2929 moderatione
945 2867 1093 2931 adhibita
1122 2870 1237 2933 studuit

288 2968 451 3053 dissipare,
472 2982 503 3031 et
523 2969 554 3030 in
575 2989 614 3031 eo
630 2968 724 3031 etiam
745 2967 874 3030 fidelius
893 2988 967 3031 cum
988 2969 1155 3033 Absalone
1175 2992 1235 3034 rer·

286 3083 374 3134 satus
403 3081 462 3148 est,
492 3068 577 3153 quod
603 3070 634 3133 ei
659 3069 823 3132 materiam
853 3068 1013 3152 peccandi
1039 3073 1178 3149 sustulit,
1206 3085 1233 3135 et

286 3174 448 3256 patricidii
477 3172 640 3255 praeclusit
675 3172 888 3235 occasionem.
949 3174 1120 3258 Numquid
1156 3177 1234 3239 enim

284 3276 397 3338 fideles
413 3275 565 3358 opinaris,
579 3275 634 3360 qui
648 3274 807 3358 peccandi
824 3275 890 3336 rias
904 3273 1038 3339 domino
1054 3278 1122 3359 regi
1137 3300 1230 3362 expe·

285 3376 388 3449 diunt,
404 3387 437 3439 et
457 3377 492 3438 iu
512 3398 551 3438 eo
573 3376 709 3439 studiosi
732 3386 817 3452 suut,
839 3386 875 3438 ut
897 3389 1102 3460 prosperetur
1122 3380 1154 3441 in
1177 3380 1231 3455 his,

283 3498 356 3561 quae
371 3476 524 3539 adversus
540 3478 673 3541 Domini
682 3478 838 3562 justitiam
858 3480 1116 3560 praesumuntur?
1155 3483 1232 3545 Uter

282 3578 339 3641 tibi
354 3575 478 3639 videtur
489 3575 625 3652 fidelior,
636 3600 676 3640 an
693 3577 748 3661 qui
764 3577 804 3640 ad
819 3589 932 3641 nutum
944 3581 1067 3643 erronei
1080 3583 1231 3646 ministrat

282 3680 406 3763 culpas,
422 3699 462 3741 an
479 3676 533 3761 qui
549 3679 747 3759 perniciosas
762 3681 862 3762 abigit
877 3683 1081 3766 voluptates?
1112 3685 1231 3749 Sentiat

281 3777 501 3862 unusquisque
524 3777 611 3861 quod
627 3781 770 3843 voluerit.
813 3781 888 3861 Ego
908 3803 1084 3867 numquam
1106 3784 1231 3849 domiuo

281 3890 314 3943 et
328 3879 431 3942 amico
447 3875 605 3959 reputabo
627 3879 767 3957 fidelem,
785 3882 840 3965 qni
861 3882 907 3945 sic
931 3883 1018 3946 illius
1034 3886 1230 3969 obtemperat

279 3980 447 4063 voluptati,
462 3992 499 4043 ut
521 3981 631 4044 salutis
648 3993 680 4044 et
696 3984 769 4046 vitae
786 3984 993 4067 dispendium
1009 3989 1142 4054 afferat:
1171 3990 1229 4052 nisi

278 4083 358 4144 forte
384 4082 474 4143 Sauli
501 4082 629 4145 fidelem
656 4095 751 4166 putes
777 4084 875 4148 fuisse
906 4084 1090 4151 Idumreum
1116 4091 1230 4167 Doetb,

278 4183 332 4266 qui
347 4182 530 4247 sacerdotes
550 4185 684 4247 Domini
704 4186 822 4267 gladio,
836 4207 902 4268 quo
923 4189 1069 4271 seipsum
1085 4193 1229 4256 masos·

277 4305 369 4349 surus
398 4294 475 4360 arat,
502 4286 635 4364 occidit,
660 4297 694 4349 et
723 4287 919 4370 Achitophal
942 4289 1006 4353 fuit
1035 4294 1229 4358 necessarius

277 4388 442 4467 Absaloui,
457 4409 522 4475 quo
538 4387 693 4451 suadente
708 4390 813 4471 palam
828 4389 862 4451 iu
878 4412 1014 4455 uxorem
1030 4396 1132 4477 patris
1147 4416 1229 4460 com·
