3034 5500
250 683 255 690 Ι
287 723 490 805 itta—64]
677 742 856 787 nmsrona.
1179 727 1237 788 135

280 895 390 958 vellem
408 895 561 978 ignarum
579 893 678 956 vocari
694 916 713 956 a
729 892 877 956 Domino.
916 896 1010 958 Nunc
1025 905 1143 969 antem,
1160 893 1236 976 quia

278 999 305 1061 ei
321 996 417 1062 aliter
434 998 539 1060 visum
558 1009 617 1076 est,
631 1009 662 1059 et
685 1017 819 1080 puerum
844 1018 937 1059 suum
963 995 1234 1060 Bartholomaeum

277 1098 399 1162 consilii
432 1100 483 1162 sui
518 1121 576 1184 per
604 1097 706 1161 multa
735 1097 852 1160 indicia
882 1098 1039 1161 conscium
1076 1097 1232 1173 iecerunt,

277 1200 410 1263 consulo
426 1200 515 1286 quod
531 1201 748 1264 consulueram
766 1212 849 1277 aute,
865 1199 982 1264 scilicet
999 1222 1037 1262 ne
1059 1200 1234 1284 praevenias

277 1302 505 1376 invitaturum,
537 1325 575 1365 ne
604 1300 759 1385 despicias
789 1302 986 1365 invitantem.
1040 1305 1073 1367 Si
1103 1301 1232 1378 dixerit,

277 1404 411 1468 ascende
444 1405 601 1490 superius,
630 1404 815 1489 obtempera
844 1405 991 1490 jubenti:
1031 1405 1076 1469 sin
1113 1419 1232 1478 autem,

278 1507 355 1571 dum
384 1507 412 1570 ei
437 1508 605 1592 placuerit,
628 1527 779 1592 permane
803 1511 834 1570 in
861 1530 898 1570 ea
922 1508 1083 1571 vocatione
1109 1507 1139 1570 in
1167 1529 1234 1592 qua

277 1621 411 1673 vocatus
430 1632 475 1674 es.
521 1609 602 1671 Nam
622 1608 751 1694 jubenti
777 1607 966 1671 descendere
988 1609 1234 1692 obtemperabis,

279 1710 392 1775 Unum
417 1723 464 1774 est
489 1710 576 1796 quod
602 1711 642 1772 ad
671 1709 890 1774 redimendum
916 1712 1069 1785 savorem,
1086 1711 1112 1772 si
1132 1709 1231 1785 deest,

276 1811 409 1876 consulo
426 1812 544 1875 scilicet
569 1824 600 1875 te
625 1812 730 1889 facias,
745 1833 808 1873 nou
837 1825 873 1875 ut
898 1810 1035 1883 simules,
1062 1810 1231 1873 meliorem.

280 1911 378 1986 Quod
395 1913 420 1976 si
435 1913 566 1977 virtutis
580 1912 654 1976 odio
674 1911 833 1997 displices,
850 1934 910 1976 uon
936 1914 1028 1978 multi
1044 1913 1140 1977 iacias
1166 1912 1231 1997 pla·

278 2038 359 2094 cere,
374 2016 495 2101 quibus
511 2015 578 2100 ipsa
593 2015 751 2100 displicet,
770 2014 829 2079 nisi
844 2016 941 2080 iacias
957 2032 993 2082 ut
1006 2017 1076 2102 ipsa
1092 2015 1232 2102 compla-

277 2131 356 2183 ceat.
405 2119 596 2203 Opportune
617 2131 721 2182 tamen
745 2118 861 2193 omnia,
878 2141 998 2181 memor
1018 2119 1097 2204 ejus,
1114 2117 1171 2202 qui
1194 2131 1230 2182 ut

277 2243 387 2285 omnes
405 2219 484 2283 lucri
501 2219 628 2296 faceret,
644 2219 792 2283 omnibus
807 2219 912 2282 omnia
927 2220 1031 2284 iactus
1050 2233 1108 2284 est.
1156 2218 1227 2282 Non

277 2335 323 2385 est
339 2321 424 2384 enim
442 2343 460 2383 a
481 2320 637 2406 praecipiti
661 2332 693 2383 et
719 2320 858 2405 abrupto
882 2320 1035 2384 initianda
1057 2323 1227 2385 eorrectio:

276 2422 439 2487 dehortari
456 2437 575 2499 autem,
591 2444 630 2485 ne
646 2422 753 2508 aliqua
769 2446 807 2485 ex
823 2446 917 2486 causa
937 2423 1143 2508 promotionis
1164 2437 1230 2486 tuae

276 2526 456 2611 pactionem
472 2525 570 2604 incas,
583 2524 778 2609 superfluum
792 2526 865 2602 scio,
883 2528 1029 2614 quoniam
1047 2526 1122 2589 mibi
1136 2538 1231 2590 notus

275 2650 318 2707 ea,
335 2650 393 2690 nec
408 2625 449 2689 de
471 2625 728 2690 archidiaconatu
753 2627 785 2689 iu
810 2630 909 2692 filiurn
936 2628 1099 2711 Hardingi
1125 2625 1231 2690 conle-

277 2726 388 2803 tendo,
405 2731 571 2804 movearis,
588 2728 739 2813 quoniam
759 2752 868 2794 rumor
884 2752 984 2792 vanus
998 2741 1055 2806 est,
1071 2726 1128 2813 qui
1150 2725 1232 2790 mul-

278 2846 327 2895 tos
344 2830 534 2916 plerumque
555 2830 716 2895 sollicitat.
759 2831 792 2893 Si
809 2831 938 2916 quidem
959 2843 1129 2916 antequam
1151 2829 1232 2912 epis-

275 2955 377 3019 copus
409 2936 461 3009 sis,
493 2932 611 2994 nullius
640 2933 831 2996 auctoritate
860 2931 913 2994 alii
942 2931 1088 2995 dabitur:
1129 2952 1230 3015 altrum

275 3037 445 3123 episcopus
465 3035 573 3110 fueris,
591 3048 683 3099 tuum
701 3036 762 3099 erit
788 3038 891 3120 ipsum
917 3034 992 3098 dare
1016 3033 1066 3097 cui
1085 3033 1231 3097 volueris,

275 3140 391 3200 Preces
405 3137 488 3198 forte
510 3135 647 3215 interim,
663 3151 719 3200 aut
744 3150 854 3221 postea
868 3136 989 3214 audies,
1004 3134 1057 3198 sed
1075 3147 1111 3198 ut
1134 3158 1231 3198 exau-

276 3236 357 3318 dias,
372 3260 412 3300 ex
429 3251 496 3317 tuo,
512 3260 572 3300 non
590 3261 628 3300 ex
645 3237 748 3301 alieno
773 3238 923 3323 pendebit
947 3237 1089 3302 arbitrio.
1136 3238 1230 3310 Quod

276 3340 301 3402 si
329 3338 538 3423 trepidaveris
562 3339 617 3402 ubi
645 3361 706 3401 non
734 3353 782 3402 est
807 3342 914 3414 timor,
938 3338 1113 3426 increpabit
1138 3354 1168 3405 te
1192 3342 1230 3420 is,

278 3441 383 3526 cujus,
405 3455 534 3502 auctore
561 3439 710 3517 Domino,
731 3440 873 3505 minister
897 3442 1026 3506 iuturus
1048 3466 1092 3519 ea,
1113 3444 1232 3530 quibus

278 3545 462 3627 increpatus
477 3554 526 3604 est
543 3541 657 3617 verbiS,
674 3543 812 3606 Modicoe
825 3545 925 3625 fidei,
940 3566 1040 3627 quare
1057 3547 1232 3611 dubitasti?

281 3644 319 3705 Iu
338 3664 461 3706 summa
478 3642 643 3705 consilium
661 3655 753 3707 tuum
767 3668 805 3706 ex
822 3667 936 3729 magua
952 3647 1086 3731 partein
1103 3648 1232 3711 domiuo

278 3744 516 3829 archiepiscopo
532 3757 591 3819 est,
607 3744 659 3806 cui
683 3748 769 3809 Deus
792 3745 882 3810 dedit
904 3747 972 3831 jam
996 3748 1232 3833 aliquantulum

278 3845 506 3923 convalescere,
523 3859 557 3909 ut
574 3846 630 3909 tibi
651 3846 749 3929 possit
765 3848 938 3912 consulere.
985 3850 1057 3912 Sino
1077 3872 1115 3912 eo
1138 3875 1233 3937 super

279 3946 339 4009 hoc
362 3946 442 4010 nihil
465 3946 570 4026 facies,
592 3948 747 4031 quicquid
774 3949 891 4012 iaciant
917 3949 972 4013 lilii
1002 3950 1113 4027 Belial,
1139 3967 1173 4015 tu
1202 3966 1233 4018 et

279 4047 341 4112 lilii
353 4048 440 4134 pacis
456 4048 495 4110 ad
513 4047 595 4111 diem
614 4049 798 4127 vocationis
810 4050 889 4113 sicut
906 4051 996 4113 vobis
1012 4056 1232 4145 praescriptum

279 4163 337 4228 est,
361 4148 504 4211 venietis.
549 4151 686 4213 Veniant
708 4164 815 4214 autem
842 4174 914 4215 cum
935 4154 1068 4227 caeteris,
1089 4170 1144 4218 aut
1166 4178 1232 4240 prae

280 4251 403 4315 caeteris
419 4250 569 4332 magister
594 4255 631 4314 B.
648 4251 733 4315 lilius
763 4252 924 4316 lleinfredi
952 4266 1107 4336 peccator,
1125 4254 1235 4317 frater-

280 4352 372 4415 culus
401 4372 502 4424 mcus‚
529 4365 560 4414 et
590 4355 787 4436 ‹prieumque
818 4366 996 4415 nostrorum
1025 4371 1108 4427 sunt,
1136 4357 1236 4418 immo
