3034 5500
433 757 474 815 36
692 769 829 814 romnus
845 765 1122 814 saansasnransrs
1293 751 1337 838 [s.
1351 772 1377 817 n.

431 944 534 1006 opem,
551 920 727 1006 exploravit
743 920 850 998 fldem,
864 919 997 1006 aliisque
1012 919 1071 983 sibi
1096 941 1157 1007 pro
1180 921 1313 985 modulo
1326 944 1379 986 suo

430 1022 659 1096 assistentibus,
669 1021 875 1085 solusfaciem
885 1020 1041 1085 avertistis
1050 1023 1083 1085 ia
1093 1021 1147 1086 die
1156 1021 1245 1086 belli.
1278 1023 1377 1099 Quum

430 1144 506 1209 ergo
516 1121 603 1208 apud
617 1145 673 1188 ros
685 1123 733 1186 sui
746 1143 855 1185 omnes
866 1120 1024 1207 repulsam
1041 1134 1245 1206 paterentur,
1257 1122 1377 1188 tandem

429 1224 497 1309 ipse
509 1223 540 1287 in
556 1223 685 1310 propria
700 1243 835 1308 persona
846 1221 988 1298 accessit,
1000 1221 1056 1285 sod
1072 1243 1136 1285 non
1152 1237 1203 1287 est
1213 1223 1378 1289 exarsditus

428 1347 487 1411 pro
501 1325 675 1390 reverentia
687 1348 753 1388 sua.
790 1324 947 1388 Noluistis
956 1324 1039 1387 enim
1054 1323 1186 1387 differre
1200 1323 1377 1412 prandium,

428 1427 506 1492 dum
521 1429 669 1493 instantis
688 1449 806 1512 pugnae
822 1425 973 1490 videretis
987 1440 1147 1491 eventum.
1197 1427 1301 1491 Porro
1320 1425 1376 1491 dis

427 1529 565 1616 cipulus‚
591 1528 646 1615 qui
677 1528 853 1591 Dominum
883 1549 955 1591 cum
981 1528 1170 1614 juramento
1199 1541 1376 1613 negaverat,

428 1644 562 1718 urgente
592 1630 737 1706 caritate,
762 1628 936 1693 Dominum
967 1629 1163 1714 sequebatur
1194 1643 1232 1694 ut
1260 1629 1374 1695 videret

427 1733 532 1798 linem.
577 1732 641 1795 Vos
663 1742 770 1794 autem
792 1729 964 1794 accessistis
978 1729 1018 1793 ad
1043 1751 1198 1805 mensam,
1214 1730 1295 1795 dum
1316 1728 1373 1802 ille,

424 1836 476 1899 cui
503 1833 738 1920 promittebatis
764 1835 879 1896 amoris
904 1832 1104 1919 obsequium,
1129 1833 1315 1898 traheretur
1338 1831 1373 1895 sd

424 1958 560 2002 crucem.
606 1935 669 1999 His
684 1957 757 1997 vero
780 1933 821 1996 de
844 1935 947 1998 causis
960 1934 1098 1999 credidit
1114 1955 1168 1999 ros
1191 1935 1282 2001 illius
1304 1957 1372 2001 oon·

425 2051 563 2100 temnere
579 2036 779 2113 beneficium,
795 2036 847 2099 cui
863 2036 894 2099 in
917 2047 1007 2100 tanta
1026 2035 1212 2102 necessitate
1233 2037 1373 2104 noluistis

421 2154 574 2223 praestare
596 2137 784 2203 subsidium.
830 2142 903 2224 Ego
918 2161 993 2202 vero
1014 2138 1092 2203 istas
1114 2152 1147 2203 et
1170 2139 1251 2205 alias
1274 2139 1373 2228 objec-

423 2241 524 2304 tiones
547 2241 628 2326 ejus‚
650 2241 709 2305 etsi
733 2239 811 2304 mihi
833 2240 947 2304 validae
969 2239 1167 2321 viderentur,
1191 2244 1283 2330 quasi
1306 2267 1372 2309 sra-

420 2364 552 2406 nearum
575 2342 629 2405 fils
653 2342 794 2418 dissolvi,
818 2356 850 2406 et
874 2342 1001 2407 tandem
1026 2342 1146 2408 bomini
1172 2345 1316 2431 persuasi
1339 2359 1372 2411 ut

420 2468 476 2509 vos
499 2445 581 2509 inter
602 2444 813 2521 fidelissimos,
833 2459 864 2509 et
888 2445 1095 2516 amicissimos
1117 2458 1258 2533 reputet.
1302 2448 1372 2516 Scio

419 2545 501 2612 enim
514 2546 600 2633 quod
609 2547 707 2633 juxta
716 2547 846 2611 verbum
859 2569 964 2611 meum
977 2568 1104 2633 operam
1118 2545 1250 2625 dabitis,
1259 2562 1292 2614 et
1302 2549 1370 2616 dili-

418 2649 570 2733 gentiam,
588 2661 623 2714 ut
639 2669 698 2735 ope
715 2660 821 2711 vostra
845 2662 935 2713 tutus
957 2648 997 2713 sit
1025 2649 1067 2712 ab
1088 2648 1280 2714 aemulorum
1302 2674 1370 2718 suo·

418 2776 489 2817 rum
506 2752 636 2817 insidiis.
684 2750 857 2836 Sexaginta
878 2751 1005 2829 solidos,
1024 2772 1106 2839 quos
1126 2753 1169 2816 ab
1190 2775 1230 2817 eo
1251 2755 1368 2842 soeepi,

417 2855 536 2921 tradidi
552 2856 592 2918 A.
608 2869 725 2931 vestro,
741 2877 836 2941 quem
855 2854 1023 2940 oportebat
1040 2876 1165 2918 resurss
1184 2853 1369 2936 distrahere,

416 2963 442 3023 si
466 2959 651 3024 clericorum
676 2971 849 3022 vestrorum
875 2956 971 3021 vellet
998 2956 1152 3043 impedire
1179 2956 1366 3025 clamorem:

416 3083 456 3126 an
465 3060 683 3135 benefecerim,
693 3058 881 3124 rescribetis.
912 3062 1072 3124 Praeterea
1080 3058 1220 3145 qualiter
1233 3082 1285 3125 me
1298 3083 1369 3127 oum

415 3160 543 3224 domino
572 3159 692 3223 Eliensi
723 3160 840 3223 versari
867 3174 1024 3248 oporteat,
1051 3160 1236 3237 rescribite;
1271 3186 1312 3228 an
1338 3164 1367 3229 in

414 3260 553 3347 pondere
564 3283 603 3323 an
620 3262 692 3347 puri
703 3264 827 3347 argenti
844 3263 1010 3350 pecuniam
1027 3264 1154 3349 exigere
1166 3264 1313 3332 debeam.
1341 3271 1368 3333 A

413 3360 503 3426 vobis
512 3385 649 3449 namque
657 3377 689 3427 et
698 3386 761 3427 non
771 3365 1095 3430 aliundemandatum
1104 3366 1223 3451 accepi.
1240 3367 1369 3434 Transii

411 3465 495 3529 enim
516 3465 582 3530 fere
603 3488 667 3528 rem
689 3467 817 3531 omnino
839 3473 901 3531 non
920 3469 1187 3554 praetereundam,
1202 3492 1307 3556 quum
1327 3470 1368 3536 sd

410 3569 658 3635 incolumitatem
680 3569 808 3633 honoris
827 3585 859 3635 et
883 3570 1032 3635 utilitatis
1054 3583 1169 3635 vestrm
1188 3570 1365 3658 plurimum

411 3675 609 3756 spectaverit.
653 3674 687 3736 Si
703 3672 852 3736 domiuus
870 3672 1078 3736 Eboracensis
1093 3695 1201 3758 regem
1216 3698 1367 3741 orrronaoe

409 3774 458 3835 vel
483 3773 606 3860 aliquid
631 3773 720 3837 aliud
744 3771 899 3838 adversus
922 3773 1083 3839 ecclesiam
1109 3776 1301 3843 temeritatis
1321 3780 1368 3844 in·

409 3877 526 3940 stinctu
540 3874 642 3939 moliri
652 3875 822 3940 tentaverit
832 3875 863 3939 in
876 3876 1037 3960 provincia
1046 3889 1164 3958 nostra,
1173 3878 1275 3944 nolite
1283 3901 1366 3945 oom-

409 3981 569 4040 manicare
591 3977 648 4053 illi,
664 3976 718 4039 sed
742 3999 854 4040 ausum
878 3976 1052 4063 reprimite,
1074 3978 1153 4063 quis
1174 3978 1363 4066 injuriarum

407 4092 585 4142 nostrarum
598 4077 683 4141 ultor
691 4091 740 4142 est
750 4080 910 4142 Dominus
920 4078 1077 4144 ultionum
1086 4081 1363 4148 Cantuariensium

409 4184 511 4243 Deus:
537 4179 562 4241 si
579 4192 683 4242 tamen
705 4202 762 4243 vos
780 4180 982 4266 aquilonares
1004 4181 1094 4246 sedes
1110 4196 1219 4247 nostra
1235 4183 1317 4250 loesit
1337 4182 1367 4247 in

405 4282 523 4369 aliquo,
538 4280 715 4344 satisfacere
735 4282 875 4367 prompti
901 4304 1023 4359 sumus,
1039 4282 1115 4346 dum
1134 4296 1242 4348 tamen
1259 4307 1371 4371 grave,

405 4385 480 4448 mini
494 4384 656 4447 nobiscum
673 4382 831 4447 calculum
851 4405 977 4467 ponere.
