3034 5500
139 765 250 845 noa]
523 785 701 834 seurota.
1028 772 1091 834 318

133 933 215 1016 quid
238 955 314 1018 ergo
340 938 441 1015 robis,
464 939 513 1000 rel
543 938 703 1002 Ecclesiae
729 944 853 1015 restrae,
878 947 934 1002 aut
961 937 1093 1001 domino

135 1035 341 1118 Wigornensi
365 1038 555 1112 incubuerit,
583 1039 674 1102 illum
701 1039 825 1103 faciatis
855 1040 1031 1115 conveniri,
1058 1050 1094 1104 ut

136 1139 312 1222 provehis
337 1151 371 1203 et
393 1141 530 1204 ecclesia
561 1141 624 1203 Dei
651 1152 855 1205 commoneat
879 1162 998 1222 regem,
1028 1141 1096 1225 qui,

135 1239 220 1302 sicut
234 1239 267 1302 in
283 1239 339 1303 illa
358 1241 459 1304 nobili
481 1243 619 1324 epistola
642 1264 709 1318 sua,
726 1265 799 1326 quae
817 1243 886 1326 jam
908 1243 1092 1326 provincias

136 1348 170 1403 et
184 1362 281 1421 regna
296 1341 421 1415 circuit,
439 1351 573 1406 testatus
588 1356 648 1420 est,
665 1345 770 1408 Dulce
785 1352 877 1426 putat
892 1344 1094 1427 obsequium,

138 1460 237 1523 quum
263 1440 462 1521 admonetur,
484 1454 518 1506 ut
542 1445 680 1524 corrigat
711 1445 739 1506 si
762 1442 841 1526 quid
871 1442 1040 1527 deliquerit
1060 1444 1096 1506 in

139 1541 323 1606 Dominum.
384 1546 469 1608 Nam
501 1547 558 1628 qui
594 1544 730 1628 deliquit
766 1545 799 1605 in
836 1544 1032 1626 proximum,
1061 1546 1095 1608 in

138 1642 314 1706 Dominum
339 1668 468 1730 quoque
493 1645 647 1728 deliquit3
678 1655 710 1707 et
732 1665 888 1726 sponsum
914 1645 1095 1708 exhonorat

139 1743 314 1823 Christum,
329 1748 524 1830 quicumque
547 1746 715 1808 inhonorat
736 1745 920 1809 Ecclesiam
943 1766 1096 1828 sponsam

138 1844 218 1928 ejus.
264 1847 348 1910 Sunt
363 1847 449 1909 enim
464 1867 582 1928 corpus
601 1868 713 1922 unum,
729 1846 796 1909 imo
812 1854 845 1909 et
858 1846 988 1929 spiritus
1001 1867 1096 1925 unus,

139 1954 182 2020 et,
198 1946 288 2029 quod
311 1946 446 2029 amplius
461 1957 519 2023 est,
535 1947 706 2010 collatione
729 1947 836 2029 gratiae
858 1946 1096 2030 quodammodo

140 2055 215 2108 sunt
231 2047 322 2108 Deus
337 2067 430 2123 unus,
446 2045 521 2109 dum
538 2044 717 2109 admirabili
732 2047 926 2111 commercio
942 2047 1009 2125 illa,
1024 2068 1095 2131 quoe

140 2147 244 2211 carnis
260 2157 335 2209 sunt
349 2168 390 2209 ex
410 2158 523 2210 natura
544 2147 707 2230 primitiva
729 2148 873 2211 Domino
894 2149 1044 2230 impertit,
1060 2159 1096 2213 ut

141 2247 183 2310 ab
207 2268 246 2310 eo
269 2246 502 2328 plenitudinem
525 2244 643 2309 dirinae
666 2256 788 2311 naturae
810 2247 954 2329 recipiat,
971 2258 1003 2309 et
1024 2248 1096 2310 oleo

141 2348 346 2412 exultationis
361 2348 498 2431 quadam
515 2348 637 2411 ratione
653 2349 804 2412 consortii
818 2348 959 2412 abundet
973 2349 1014 2411 ab
1030 2349 1099 2423 illo,

141 2462 173 2514 et
188 2449 296 2512 effluat
310 2459 385 2512 tota.
431 2449 628 2511 Primitivam
644 2458 790 2512 naturam
806 2450 946 2513 dixerim
960 2471 1001 2512 ne
1016 2449 1096 2512 abu·

144 2551 243 2614 sionis
264 2550 457 2614 inveteratus
479 2571 549 2612 mos
569 2558 683 2612 natura
701 2560 878 2632 reputetur,
888 2550 986 2632 juxta
1000 2570 1096 2633 quem

145 2673 255 2715 omnes
271 2672 379 2714 sumus
394 2660 506 2714 natura
522 2650 579 2712 filii
600 2650 666 2725 irae,
681 2670 747 2711 non
769 2649 857 2732 quod
873 2650 906 2711 in
923 2670 961 2712 ea
976 2650 1097 2713 conditi

145 2775 266 2832 sumus,
285 2753 342 2817 sed
368 2755 444 2838 quia
464 2755 497 2816 in
522 2774 592 2816 eam
616 2752 890 2835 degeneravimus.
941 2752 1038 2829 Nam,
1062 2762 1100 2814 ut

146 2858 190 2920 ait
205 2857 329 2932 Orator,
345 2876 421 2918 usus
440 2855 541 2918 altera
554 2864 668 2919 natura
683 2865 777 2931 est,a
797 2874 860 2937 quo
876 2851 1099 2915 difficillimum

147 2970 196 3022 est
210 2958 313 3021 avelli.
359 2957 431 3020 Nec
447 2967 552 3019 tamen
573 2955 861 3039 archisynagogum
883 2953 1005 3016 idcirco
1022 2973 1099 3016 con·

148 3056 339 3121 veniendum
359 3076 487 3130 censeo,
511 3055 589 3137 quia
613 3055 749 3117 multum
772 3073 897 3136 sperem
919 3073 976 3114 vos
999 3052 1101 3134 ipsius

147 3157 324 3241 patrocinio
355 3178 448 3240 posse
479 3155 646 3238 proficere,
675 3154 733 3217 sed
758 3162 795 3216 ut
821 3154 935 3216 veritas
964 3153 1100 3235 amplius

148 3262 318 3332 elucescat,
345 3271 378 3322 et
399 3270 434 3321 ut
459 3260 492 3321 in
517 3258 623 3321 verbis
646 3255 820 3332 mendacii,
847 3254 933 3338 quod
963 3255 1102 3339 Spiritus

148 3372 278 3425 sanctus
300 3360 426 3423 inhibet
446 3380 505 3443 per
525 3359 726 3442 prophetam,
751 3356 885 3419 ulterius
906 3376 1001 3419 nemo
1023 3377 1099 3420 con-

150 3462 240 3526 fidat.

194 3566 241 3627 Ut
261 3564 375 3646 paucis
396 3560 588 3626 concludam
613 3562 699 3645 quod
722 3560 837 3633 sentio,
860 3572 916 3625 aut
938 3560 1103 3645 Scriptura

149 3688 222 3750 quae
245 3666 326 3728 solvi
348 3686 412 3727 non
435 3676 552 3748 potest,
575 3664 675 3727 fallax
696 3674 728 3727 et
750 3663 830 3726 falsa
852 3673 912 3739 est,
934 3670 968 3725 et
989 3662 1103 3724 veritas

150 3767 216 3830 Dei
230 3788 249 3829 a
264 3767 370 3850 seipsa
390 3766 573 3847 degenerat,
595 3777 650 3828 aut
671 3765 705 3827 in
726 3763 851 3847 laqueis
871 3763 937 3826 suis
959 3780 1103 3841 compre·

151 3868 333 3932 hendentur
361 3868 474 3952 iniqui,
501 3878 533 3930 et
562 3868 619 3950 qui
647 3865 733 3929 fratri
757 3865 882 3928 foveam
911 3870 1013 3947 parat,
1036 3860 1105 3944 ipse

153 3970 277 4034 incidet
290 3972 324 4033 in
345 3991 414 4033 eam
435 3970 530 4052 prior.
576 3966 714 4043 Christe,
729 3966 866 4049 teipsum
882 3963 1050 4037 convenio,
1065 3976 1109 4043 te,

153 4072 208 4153 qui
234 4070 425 4134 indeficiens
447 4070 562 4132 veritas
586 4090 631 4146 es,
657 4068 798 4150 appello,
825 4066 856 4129 in
883 4077 1027 4129 extremo
1053 4064 1105 4129 die

146 4173 265 4255 judicii
288 4183 389 4249 tuum,
411 4172 437 4234 si
459 4171 540 4234 ratio
563 4170 754 4254 permiserit,
769 4168 995 4250 redarguturus
1018 4188 1107 4229 men-

153 4273 294 4348 dacium,
314 4274 376 4336 nisi
400 4294 466 4356 quo
483 4272 611 4357 judicio
630 4272 701 4356 quis
717 4270 923 4354 judicaverit,
933 4266 1108 4350 judicetur,

153 4388 186 4438 et
200 4396 381 4440 mensuram
396 4374 589 4455 condignam
603 4371 735 4455 recipiat
750 4392 808 4452 pro
822 4388 978 4433 mensura.
1009 4366 1104 4430 Certe
