3034 5500
270 755 331 813 tet
538 760 673 805 sorsum
688 757 977 804 sanusnnruausrs
1144 736 1186 815 [a.
1202 755 1227 799 n.

272 915 394 999 aliquid
409 913 568 978 interdum
585 914 693 990 audio,
713 920 745 975 et
764 913 829 975 hoc
852 910 1028 974 beneficio
1049 911 1227 973 intermean-

272 1019 360 1094 tium,
387 1015 444 1078 sed
469 1037 489 1077 a
515 1026 544 1076 te
576 1013 656 1076 nihil
685 1033 828 1096 unquam
860 1010 995 1074 audiri:
1036 1010 1128 1095 quod
1154 1009 1228 1072 unde

274 1116 448 1196 contingat,
468 1134 533 1176 non
559 1115 654 1195 plane
682 1112 790 1188 video,
815 1112 879 1175 nisi
906 1110 1000 1195 quod
1028 1124 1061 1174 te
1090 1111 1227 1194 conjicio,

273 1216 425 1300 quoniam
442 1215 511 1278 dies
526 1215 602 1277 mali
618 1224 705 1287 sunt,
718 1225 752 1275 et
764 1224 798 1276 tu
809 1213 859 1275 vir
871 1213 1032 1296 prudens,
1046 1234 1091 1276 ex
1104 1212 1227 1297 quadem

272 1320 397 1382 siluisse
424 1319 559 1379 cautela.
604 1317 676 1397 Ego
698 1327 733 1378 ut
756 1315 980 1379 infirmitatem
1004 1336 1113 1378 meam
1138 1315 1228 1378 fatear

273 1422 306 1483 in
324 1421 453 1482 auribus
469 1419 542 1495 tuis,
559 1429 591 1480 et
605 1418 822 1500 insipientiam
837 1439 945 1480 meam
966 1418 1077 1481 amico
1092 1419 1228 1492 revelem,

273 1529 426 1602 tanquam
443 1516 521 1579 mihi
537 1536 711 1599 numquam
725 1516 810 1578 hanc
826 1516 920 1598 potui
932 1515 1058 1579 babere
1069 1517 1227 1590 cautelam,

276 1621 355 1704 quin
382 1620 496 1681 sellem
522 1618 696 1681 amicorum
726 1617 1028 1698 opportunitatibus
1059 1615 1226 1680 communi·

276 1742 359 1798 care,
375 1731 407 1783 et
421 1741 531 1782 eorum
547 1740 604 1802 pro
617 1718 746 1780 modulo
758 1738 833 1780 meo
845 1739 957 1799 gerere
969 1718 1226 1782 sollicitudinem.

276 1826 382 1895 Quum
405 1844 479 1905 ergo
500 1823 558 1886 tibi
580 1821 697 1904 saepius
719 1818 915 1903 scripserim,
937 1830 972 1883 et
996 1829 1034 1882 tu
1057 1842 1225 1904 numquam

276 1926 452 2007 scripseris,
469 1924 606 2007 amplius
626 1942 782 1985 succensa
804 1921 992 1985 sollicitudo
1017 1923 1133 2007 nequit
1152 1923 1226 1986 ulte·

275 2027 341 2088 rius
360 2026 516 2100 cohiberi,
540 2025 617 2108 quin
640 2045 699 2106 per
719 2023 885 2106 proprium
907 2024 1055 2109 inquirat
1075 2024 1226 2097 nuntium,

276 2125 347 2208 quis
368 2136 441 2186 tuus
463 2125 513 2185 vel
537 2135 677 2186 veterum
701 2124 742 2187 sit
764 2132 865 2186 status
888 2123 1079 2199 amicorum,
1102 2126 1225 2188 neeric

273 2237 395 2287 veteres
426 2225 546 2286 dixisse
577 2226 749 2299 arbitreris,
774 2233 811 2287 ut
836 2223 1033 2289 inveteratos
1057 2227 1091 2288 in
1118 2226 1227 2309 qmbut

275 2324 390 2387 caritas
420 2322 608 2405 refrigescit,
632 2323 737 2387 dictos
761 2325 936 2405 intelligas,
960 2346 1064 2409 quum
1086 2348 1149 2406 ego
1169 2347 1224 2390 nec

274 2427 505 2502 senserim,uec
516 2425 652 2489 dixerim
663 2447 718 2490 eos
728 2427 859 2511 aliquod
869 2428 1013 2491 caritatis
1023 2427 1224 2511 dispendium

274 2529 438 2591 sustinere.
485 2529 567 2601 Quis
582 2529 666 2591 enim
690 2548 749 2609 ego
773 2549 855 2601 sum,
879 2539 915 2591 ut
937 2549 1067 2592 servum
1085 2529 1225 2614 judicem

274 2631 423 2707 alienum,
438 2629 493 2713 qui
505 2630 647 2692 Domino
659 2650 718 2692 suo
727 2639 792 2693 stat
801 2641 857 2693 aut
869 2629 957 2692 cadit
969 2628 981 2692 i
1005 2631 1114 2694 Stabit
1124 2643 1223 2696 auten

276 2731 348 2794 Deo
378 2745 519 2808 auctore,
548 2741 580 2793 et
606 2729 684 2793 mihi
709 2728 818 2813 utique
850 2731 968 2794 caritas
997 2733 1145 2797 officiose
1172 2743 1226 2815 est,

275 2835 385 2917 ignara
409 2834 506 2896 totius
536 2832 622 2905 mali,
649 2831 739 2893 sortis
765 2842 801 2893 ut
826 2852 924 2906 mors,
950 2842 983 2895 et
1013 2833 1224 2900 sinceritatem

276 2957 365 2998 suam
392 2931 499 2997 multis
525 2947 558 2996 et
583 2932 776 3015 perennibus
806 2933 913 3015 prodit
938 2934 1095 3000 indiciis:
1134 2938 1225 3001 habet

275 3038 344 3100 haec
363 3036 577 3100 testimonium
588 3034 709 3118 jugiter
725 3035 827 3119 majus
841 3036 981 3110 Joanne,
997 3038 1087 3121 quod
1106 3040 1138 3103 ei
1159 3060 1223 3124 per·

275 3140 388 3202 hibent
405 3152 469 3201 tarn
492 3158 590 3220 opera
613 3158 708 3221 quam
730 3137 851 3201 fructus
874 3159 1020 3220 operum.
1067 3141 1104 3204 Si
1123 3163 1224 3215 vacas,

274 3249 307 3301 et
322 3240 415 3313 licet3
439 3249 471 3299 et
485 3238 519 3300 id
536 3259 639 3313 curas,
654 3258 711 3320 per
732 3238 865 3301 latorem
888 3241 1112 3322 presentium,
1134 3263 1224 3325 quem

273 3338 313 3401 ad
330 3339 392 3402 hoc
405 3339 487 3415 misi,
499 3338 539 3401 de
551 3351 635 3402 statu
648 3360 720 3402 meo
732 3351 765 3401 et
776 3339 910 3402 aliorum
922 3341 1047 3423 poteris
1059 3342 1225 3418 certiorari,

274 3441 425 3523 idemque
440 3441 560 3524 aperiet
575 3442 633 3503 tibi
650 3440 812 3525 quomodo
833 3462 883 3503 mc
904 3440 944 3505 de
969 3452 1026 3506 tuo
1042 3443 1142 3508 seciae
1161 3466 1223 3508 ccr-

272 3545 393 3605 tiorem.
439 3544 574 3605 Noreris
598 3556 704 3606 autem
732 3543 883 3628 quoniam
909 3543 992 3607 mibi
1015 3546 1106 3625 licet,
1130 3559 1161 3610 et
1184 3545 1223 3610 ed

273 3647 333 3709 hoc
350 3666 472 3708 vacuus
487 3666 568 3720 sum,
586 3656 619 3707 et
641 3657 708 3708 tota
730 3642 899 3708 devotione
921 3647 1093 3725 sollicitus,
1108 3656 1145 3712 ut
1165 3649 1223 3712 tuis

274 3758 306 3810 et
329 3759 464 3820 tuorum,
487 3747 514 3808 si
541 3746 622 3828 quid
648 3747 862 3829 peregrinanti
885 3746 1031 3828 dignaris
1053 3750 1225 3836 injungere,

273 3850 430 3912 mandatis
445 3844 581 3910 libenter
596 3848 760 3925 obediam,
774 3847 918 3931 mihique
933 3850 1010 3913 loco
1026 3852 1137 3935 magni
1159 3874 1223 3916 mu·

271 3954 357 4014 neris
383 3953 450 4027 erit,
473 3952 498 4013 si
523 3972 572 4011 me
596 3950 704 4035 aliquo
729 3950 885 4033 obsequio
907 3952 967 4029 tui,
995 3953 1150 4018 mandato
1172 3968 1224 4017 tuo

272 4054 443 4132 contigerit
458 4052 617 4134 occupari.
667 4052 757 4114 Aude
774 4071 861 4131 ergo,
876 4053 992 4129 amice,
1005 4052 1091 4118 ande
1105 4052 1223 4139 aliquid

272 4165 377 4235 petere
394 4165 448 4215 aut
462 4149 636 4236 praeeipere
652 4154 756 4217 emico
772 4175 806 4216 se
830 4162 861 4216 et
883 4175 943 4217 sna
965 4165 1033 4219 tota
1054 4157 1221 4222 affectione

271 4255 366 4318 animi
383 4257 570 4336 exponenti.
