3034 5500
302 749 362 807 152
557 761 693 806 Joaunrs
711 760 990 806 saansaanras'srs
1159 744 1203 824 [n.
1220 763 1247 807 n.

297 911 411 974 veteris
425 911 573 976 amicitiae
589 910 791 985 oblivionem,
814 910 837 974 si
856 934 917 975 non
941 911 1048 988 nobis,
1064 909 1136 976 aliis
1151 925 1248 975 tamen

288 1013 472 1097 ‚significare
489 1015 646 1079 videatur.
690 1016 735 1077 Et
761 1014 836 1098 quia
858 1013 1016 1077 indelessa
1038 1014 1247 1079 sollieitudine

297 1138 392 1199 super
400 1114 567 1179 afflictione
579 1115 689 1179 matris
700 1128 943 1181 nostraesanctoe
952 1116 1246 1179 Romanaeeoclesiae

293 1219 416 1301 jugiter
437 1218 637 1282 concitantur
654 1216 773 1281 viscera
795 1235 914 1293 nostra,
930 1231 961 1281 et
978 1240 1035 1281 ora
1051 1216 1190 1281 filiorum
1209 1218 1249 1280 in·

296 1315 437 1379 fidelium
454 1316 642 1391 dilatantur,
659 1317 714 1403 qui
731 1316 870 1381 laborem
886 1317 1003 1403 capitis
1023 1340 1086 1403 pro
1105 1317 1249 1400 languore

296 1416 388 1482 bobis
410 1418 638 1504 improperant,
669 1420 800 1503 expedit
831 1432 867 1482 ut
898 1432 1055 1494 vestrum,
1079 1433 1111 1482 et
1141 1432 1249 1481 saneta

299 1519 452 1584 Romanae
470 1518 608 1582 ecclesioe
624 1531 755 1595 statum,
768 1532 798 1583 et
812 1519 837 1581 si
850 1531 1022 1603 tempestas
1038 1517 1148 1581 adhuc
1159 1532 1251 1582 cessat

297 1646 316 1685 a
337 1624 444 1684 seculo
467 1637 498 1685 et
521 1643 665 1683 serenum
691 1621 811 1683 futurae
835 1619 921 1704 pacis
943 1616 1095 1682 alicunde
1120 1618 1251 1703 resplen-

299 1721 385 1798 deat,
408 1721 521 1785 litteris
536 1744 617 1807 quas
641 1721 671 1782 in
694 1735 787 1804 gente
803 1732 910 1782 nostru
924 1717 965 1781 ad
981 1719 1247 1783 confirmationem

298 1823 438 1887 fidelium
463 1823 619 1910 possimus
640 1820 817 1895 ostendere,
848 1820 940 1885 nobis
970 1821 1144 1906 significari
1175 1844 1248 1907 prta-

295 1924 430 2006 cipiatis.
477 1926 532 1987 Me
554 1924 661 2007 gravis
676 1923 807 2005 languor
823 1922 1027 2007 exigentibus
1045 1921 1153 2009 culpis
1175 1924 1247 1989 meis

296 2039 405 2087 aestate
421 2028 584 2110 praeterita
599 2025 736 2088 adduxit
752 2024 792 2086 ad
814 2037 923 2109 portas
938 2025 1063 2102 mortis,
1078 2026 1133 2089 cui
1149 2049 1198 2089 me
1211 2026 1247 2089 ad

294 2125 453 2188 modicum
481 2126 566 2189 facto
590 2128 658 2210 jam
687 2141 887 2203 testamento,
917 2126 1081 2212 rebusque
1105 2128 1246 2193 omnibus

297 2225 460 2310 usquead
485 2226 603 2288 victum
629 2241 755 2290 tenuem
780 2228 930 2311 erogatis,
951 2225 1092 2291 clemens
1110 2233 1247 2315 omnipo

295 2329 391 2391 tentis
413 2351 537 2404 manus,
570 2343 606 2393 ut
628 2330 688 2394 hac
712 2331 793 2394 urbe
815 2334 938 2394 morula
962 2330 1055 2396 liceat
1085 2334 1247 2397 commissa

294 2428 420 2505 deflere,
448 2431 615 2495 subduxit.
660 2435 712 2496 De
736 2432 861 2517 reliquo
883 2453 1023 2518 namque
1047 2435 1163 2499 breves
1177 2448 1245 2499 sunt

295 2532 362 2594 dies
379 2533 447 2596 mei.
494 2534 611 2596 Verum
630 2547 665 2595 ut
680 2532 786 2596 anima
799 2533 841 2596 de
856 2535 959 2596 carnis
968 2539 1133 2618 ergastulo
1148 2536 1245 2601 laetior

294 2647 398 2714 exeat,
412 2634 451 2696 ad
468 2648 670 2720 conspectum
687 2632 840 2698 Altissimi
858 2636 980 2718 gratias
996 2659 1056 2720 pro
1070 2637 1246 2703 benefacto·

292 2733 382 2798 ribus
403 2748 524 2808 actura,
542 2733 582 2798 ad
599 2733 695 2821 pedes
709 2733 883 2797 clementiae
905 2750 1020 2799 vestrae
1043 2750 1114 2801 tota
1136 2739 1245 2805 mantis

294 2838 468 2902 intentione
482 2838 574 2923 jaceo
596 2836 795 2922 provolutus,
813 2849 849 2900 ut
872 2836 1103 2922 professionem
1124 2841 1244 2905 abbatis

295 2941 394 3004 sancti
411 2940 597 3024 Augustini,
613 2962 708 3025 quam
725 2960 833 3001 omnes
852 2938 1101 3023 predecessores
1115 2941 1178 3006 mei
1192 2943 1244 3006 ha·

294 3041 445 3119 buerunt,
460 3054 491 3103 et
514 3040 592 3104 mihi
607 3040 788 3115 novissimo,
811 3053 843 3104 et
857 3041 1000 3104 onmium
1016 3042 1151 3108 minimo
1164 3066 1245 3109 nunc

293 3166 352 3229 pro
382 3143 462 3205 bene
484 3140 601 3227 placito
632 3157 737 3206 restro
769 3143 981 3220 subtrahitur,
1003 3145 1147 3211 ecclesiae
1168 3171 1242 3213 mea

290 3243 475 3307 restituatis.
521 3242 586 3307 Hic
601 3258 648 3309 est
658 3242 740 3306 enim
757 3242 1045 3325 dolorilleunicus,
1060 3246 1119 3335 qui
1130 3273 1243 3335 corpus

290 3366 394 3408 meum
411 3343 602 3429 depascitur,
626 3345 741 3409 lacerat
758 3350 897 3411 animum
913 3347 1012 3411 imum
1028 3364 1061 3413 et
1082 3350 1242 3416 invalescit

290 3459 413 3509 tantum
431 3446 560 3510 hocsub
573 3461 699 3533 pectore
715 3448 842 3524 vulnus,
858 3462 894 3513 ut
904 3471 953 3512 me
963 3450 1124 3533 patienter
1133 3452 1241 3519 audiat

286 3547 452 3610 clementia
476 3562 602 3611 vestra:
631 3570 747 3611 moeror
769 3564 800 3613 et
831 3550 936 3626 doleo,
959 3551 1049 3637 quod
1080 3555 1243 3638 praeterita

285 3649 411 3733 hyeme,
423 3670 479 3711 nec
493 3648 525 3710 in
543 3671 605 3711 nna
620 3648 833 3734 petitiuncula
847 3650 937 3735 potui
959 3651 1122 3732 exaudiri,
1142 3677 1239 3741 quum

284 3748 429 3814 monachi
440 3752 472 3814 S.
486 3751 663 3831 Augustini
678 3764 789 3813 contra
803 3774 854 3815 me
864 3751 1105 3819 multitudinem
1116 3754 1240 3820 obtinu-

282 3852 363 3916 erint
375 3851 562 3916 litterarum.
596 3851 736 3916 Litteras
759 3851 840 3929 illas,
855 3876 936 3938 quas
958 3853 1043 3918 solas
1058 3878 1118 3941 pro
1140 3856 1238 3932 nobis,

283 3952 323 4016 de
339 3952 466 4037 negotio
478 3952 533 4015 illo
548 3951 646 4015 nostri
665 3951 755 4015 vobis
776 3952 881 4016 nuntii
892 3954 1083 4028 attulerunt,
1102 3956 1237 4019 Domino

281 4066 372 4127 teste,
386 4074 444 4137 pro
456 4052 632 4115 reverentia
642 4063 674 4114 et
686 4051 805 4116 honore
823 4066 939 4132 vestro,
951 4076 1048 4138 quem
1059 4057 1235 4121 conservari

280 4153 427 4217 desidero
445 4176 567 4240 semper
587 4152 733 4232 illaesum,
759 4154 840 4218 nulli
862 4154 968 4220 adhuc
990 4155 1114 4220 credidi
1135 4174 1235 4222 osten·

278 4254 409 4319 dendus.
445 4257 527 4337 Ego,
539 4278 637 4339 quum
651 4255 713 4320 illis
725 4260 840 4342 placet,
852 4281 891 4321 ex
903 4256 1055 4321 mandato
1067 4273 1184 4337 vestro,
1194 4258 1231 4322 ad

280 4361 548 4439 sulliugaueorum
566 4381 705 4421 meorum
724 4359 863 4424 tribuual
881 4358 1049 4445 protrahor
1060 4378 1092 4425 et
1107 4363 1231 4425 invitus
