3034 5500
150 778 259 858 llud]
533 795 711 838 srrs'rore.
1038 778 1101 836 ι293

146 950 233 1013 misit
255 949 426 1023 incestum,
448 958 481 1010 et
505 947 708 1028 parricidium
732 947 928 1010 committere
951 947 1101 1033 dispone·

145 1052 210 1113 bat.
269 1050 399 1112 Dicitur
431 1047 480 1126 (et
511 1050 631 1110 utinam
668 1047 781 1110 salsum
823 1046 896 1128 sit!)
935 1048 1100 1112 dominum

147 1151 409 1214 Londoniensem
437 1162 470 1211 et
497 1147 584 1212 illum
613 1170 716 1211 meum
747 1150 885 1212 amicum
911 1153 1100 1235 episcopum

147 1255 387 1318 cicestrensem
413 1253 575 1315 ministros
601 1252 778 1335 iniquitatis
807 1275 926 1316 armare
950 1254 1103 1319 adversus

147 1358 345 1431 Ecclesiam,
384 1368 417 1418 et
454 1354 694 1419 Cantuariensis
732 1355 975 1439 Archiepiscopi
1014 1357 1102 1420 sitire

145 1459 348 1540 sanguinem,
361 1470 393 1520 et
407 1457 439 1520 id
455 1477 560 1538 agere,
571 1467 607 1518 ut
620 1457 649 1517 ei
665 1476 838 1539 numquam
851 1457 971 1521 reditus
982 1469 1101 1539 pateat.

148 1559 320 1643 Numquid
350 1560 461 1622 timent
489 1579 530 1620 ne
559 1557 666 1621 feritas
695 1567 909 1634 mansuescat,
935 1569 999 1632 aut,
1026 1573 1059 1622 nt
1082 1580 1102 1621 a

147 1663 309 1726 Cicerone
331 1672 515 1746 usurpatum
539 1671 597 1737 est,
612 1681 653 1722 ne
675 1660 823 1741 refrigeat
843 1662 934 1723 hasta
955 1660 1102 1737 Caesaris,

146 1774 202 1826 aut
217 1764 345 1845 gladius
366 1761 558 1826 hebetetur?
598 1760 662 1825 Sed
684 1782 744 1842 ego
767 1762 856 1845 quod
880 1783 945 1823 non
972 1762 1100 1845 plurimi

148 1864 291 1927 fabulam
308 1877 396 1949 puto.
428 1865 544 1947 Neque
561 1865 646 1926 enim
658 1864 737 1926 tanti
750 1862 931 1925 sacerdotes
941 1863 1102 1946 sapientes

146 1976 235 2043 sunt,
254 1978 287 2029 ut
310 1968 429 2029 saciant
443 1968 536 2044 mala,
552 1966 726 2048 prasertim
750 1987 849 2047 quum
865 1965 928 2048 ipsi
944 1965 1101 2041 noverint,

145 2068 301 2149 quoniam
318 2067 344 2130 si
358 2068 511 2150 iniquitas
526 2068 733 2149 praeralucrit.

326 2187 410 2238 Poena
422 2203 555 2239 reversura
567 2193 607 2239 est
619 2188 645 2240 in
657 2193 734 2257 caput
745 2190 797 2240 ista
808 2205 892 2240 suum.

150 2301 265 2383 Neque
288 2301 373 2363 enim
395 2322 451 2363 cos
472 2303 569 2363 latere
592 2313 696 2385 potest
719 2302 882 2385 quomodo
905 2303 945 2365 de
968 2304 1100 2368 rhamno

146 2402 180 2465 in
204 2423 314 2483 regem
337 2403 508 2464 sublimata
533 2401 617 2483 ignis
640 2423 786 2482 egressus
811 2415 870 2478 est,
893 2403 950 2487 qui
972 2405 1103 2469 devorat

148 2504 266 2568 cedros
282 2505 406 2566 Libani.
451 2505 543 2580 Vale,
559 2515 591 2566 et
605 2505 747 2567 officiose
763 2506 865 2568 saluta
881 2529 961 2589 quos
976 2508 1101 2570 noveris

147 2603 349 2683 salutandos,
369 2604 425 2667 sed
452 2608 569 2669 affectu
588 2607 752 2689 prarcipuo
772 2619 915 2671 matrem.
961 2611 1102 2692 impetra

147 2706 246 2771 nobis
267 2706 443 2771 orationum
466 2707 626 2790 suffragia,
642 2729 682 2770 ne
703 2728 763 2770 nos
778 2730 797 2771 a
813 2708 863 2772 ria
885 2730 944 2771 sua
962 2710 1101 2793 patiatur

148 2810 312 2874 Dominus
335 2811 488 2888 aberrare,
503 2810 560 2873 sed
583 2832 640 2893 pro
661 2811 865 2894 beneplacito
881 2832 950 2888 suo,
965 2811 1030 2874 sive
1046 2833 1103 2894 per

148 2932 312 2995 prospera,
327 2912 392 2975 sive
416 2932 474 2995 per
495 2911 636 2990 adversa,
654 2912 857 2995 triumphatis
880 2912 1101 2975 affectionibus

146 3014 264 3089 carnis,
282 3025 314 3076 et
328 3014 412 3076 vitiis
427 3014 575 3076 omuibus
590 3035 628 3075 eo
644 3012 783 3076 deducat
796 3024 828 3075 et
842 3013 1002 3096 pertrahat
1017 3011 1102 3075 unde

146 3116 330 3192 exulantes,
345 3119 376 3177 in
394 3136 443 3192 eo,
459 3126 491 3178 et
505 3116 537 3177 in
553 3115 647 3177 nobis
667 3113 882 3196 despiciamus
896 3115 1054 3192 inferiora,
1069 3129 1102 3179 et

148 3216 381 3299 compatiamur
418 3217 550 3292 miseris,
579 3217 634 3298 qui
669 3215 765 3279 niodo
802 3218 888 3279 circa
925 3214 1101 3283 sarcinulas

147 3318 308 3381 Ecclesia
323 3327 357 3380 et
371 3331 495 3381 nostras
511 3317 707 3398 diripiendas
722 3317 877 3381 inutiliter
891 3331 1098 3400 occupantur.

159 3593 387 3657 EPISTOLA
412 3596 665 3659 CLXXX—an
687 3615 885 3661 uaersrauu
908 3558 1087 3660 aaounron

425 3722 570 3770 nronuu.
595 3705 644 3784 [A.
658 3726 688 3770 n.
709 3709 817 3788 lton]

277 3864 439 3943 Maqtsero
451 3864 596 3941 liudulfo
612 3865 719 3944 Niqro
733 3869 830 3929 Joan.
845 3867 970 3931 Sorech.

191 4000 458 4061 Excusamounu
478 4019 542 4081 qua
561 3997 801 4062 diuturnitatem
825 4001 943 4063 silentii
963 4021 1097 4085 purgare

149 4101 326 4177 studuistis,
348 4099 432 4163 sicut
454 4102 628 4184 probabilis
650 4113 709 4179 est,
730 4103 776 4166 ita
799 4103 968 4186 probatam
991 4103 1096 4165 habeo

148 4213 180 4265 et
208 4212 387 4286 acceptam,
416 4204 521 4265 sciens
550 4203 715 4267 dilectioni
751 4216 862 4267 vestrae
897 4224 1097 4288 nequaquam

149 4302 347 4387 diligentiam
363 4304 512 4381 defuisse,
528 4305 584 4367 sed
600 4305 662 4388 ipsi
678 4304 854 4387 diligentia
870 4326 936 4367 non
959 4305 1096 4368 astitisse

148 4407 318 4470 sonunam.
350 4408 401 4469 Eo
413 4417 518 4470 autem
532 4406 571 4468 de
583 4404 747 4487 diligentia
758 4406 874 4468 clarius
887 4407 997 4488 liquet,
1009 4402 1096 4488 quod
