3034 5500
239 734 301 792 266
497 744 632 787 sonorus
649 742 937 788 suessoniensis
1108 727 1152 806 [a
1169 747 1193 789 n.

240 895 316 960 dam
343 915 504 959 sacrorum
527 914 697 968 moenum,
720 903 778 956 aut
799 903 891 957 certe
914 892 1017 979 ipsius
1038 895 1194 979 Evangelii

239 997 414 1062 cusmdiam
432 997 617 1080 juramento
636 994 781 1080 praestito
795 994 969 1080 obligaret,
984 995 1048 1060 nisi
1063 997 1141 1060 forte
1160 1019 1193 1061 eo

239 1102 341 1186 major
354 1097 396 1161 sit
409 1097 465 1183 qui
479 1119 546 1160 suae
558 1095 703 1159 conscius
716 1095 927 1173 infirmitatis,
939 1109 975 1161 et
987 1097 1078 1162 testis
1088 1111 1192 1162 nostra

237 1199 435 1273 humilitatis,
466 1197 646 1273 confitetur,
677 1196 754 1282 quia
791 1198 825 1260 in
863 1198 978 1263 multis
1010 1200 1190 1264 offendimus

237 1324 356 1368 omnes.
404 1300 439 1365 Si
457 1300 498 1363 de
521 1299 691 1384 praeteritis
705 1310 832 1383 agatur,
848 1322 914 1364 non
933 1322 1030 1386 nego,
1045 1324 1099 1366 me
1114 1306 1191 1369 Can·

237 1402 389 1468 tuariensi
410 1401 658 1486 archiepiscopo,
679 1401 763 1464 sicut
788 1401 924 1467 domino
944 1416 981 1467 et
1006 1403 1090 1488 patri
1114 1426 1190 1482 meo,

237 1505 383 1570 debitum
395 1517 429 1569 et
439 1506 589 1568 devotum
603 1503 785 1588 praestitisse
797 1504 1007 1591 obsequium:
1031 1518 1065 1570 et
1075 1506 1190 1571 utinam

238 1608 396 1673 efficacius
418 1607 643 1693 praestitissem,
661 1627 880 1692 necunquam
898 1607 1044 1674 Domino
1063 1609 1190 1694 propitio

238 1710 355 1774 abhoc
378 1732 436 1795 pro
459 1730 661 1795 quacumque
684 1707 824 1773 utilitate
847 1721 882 1772 et
902 1709 1025 1774 damno
1047 1711 1190 1784 deducar,

238 1822 275 1875 ut
300 1811 468 1875 dominum
496 1832 616 1887 meum,
642 1809 840 1896 quicumque
866 1809 920 1887 sit,
946 1810 1128 1895 abjurando
1147 1811 1190 1875 rel

236 1915 437 1998 abnegando,
452 1914 609 1979 maculem
632 1913 728 1978 vitam
751 1935 873 1990 meam,
894 1913 998 1977 immo
1019 1926 1055 1977 et
1075 1936 1190 1978 memo·

236 2017 315 2080 riam
332 2017 470 2080 nominis
485 2029 519 2080 et
532 2016 635 2100 gentis
649 2037 732 2080 mete
747 2037 856 2080 coram
870 2018 945 2080 Deo
955 2027 992 2079 et
1002 2015 1187 2080 hominibus

280 2119 443 2181 Caeterum
460 2119 542 2182 sicut
556 2141 576 2182 a
597 2118 742 2204 pluribus
755 2117 877 2203 accepi,
894 2118 955 2182 nisi
972 2118 1045 2183 baec
1059 2131 1094 2182 et
1114 2141 1189 2204 prae·

234 2218 320 2283 dicto
339 2218 455 2298 secero,
478 2242 590 2304 pacem
618 2220 698 2284 mihi
725 2220 891 2285 reformari
913 2233 971 2285 aut
998 2221 1187 2307 impossibile

233 2332 288 2384 aut
316 2319 539 2384 difficillimum
562 2334 620 2385 est.
676 2323 730 2386 Ad
759 2322 820 2386 boc
848 2323 958 2408 itaque
990 2324 1187 2408 proficiatsi

232 2421 348 2506 placet,
364 2421 530 2505 vigilantia
551 2423 673 2486 domini
697 2424 849 2509 episcopi,
865 2438 899 2487 et
914 2437 1030 2501 vestra,
1046 2437 1085 2490 ut
1105 2426 1130 2489 si
1150 2426 1187 2488 de

234 2523 491 2588 reconciliatione
514 2547 587 2588 mea
610 2537 716 2589 actum
740 2525 848 2608 luerit,
870 2526 992 2613 iniquae
1014 2540 1048 2592 et
1071 2528 1187 2613 pericu·

232 2627 309 2691 losae
323 2627 521 2692 conditiones
536 2640 760 2692 amoveantur:
783 2638 818 2691 et
832 2650 893 2712 ego
908 2629 941 2692 in
953 2630 1106 2694 omnibus
1119 2651 1187 2716 quse

233 2731 302 2797 sine
329 2731 472 2820 periculo
494 2730 603 2796 salutis
629 2745 663 2797 et
688 2731 782 2796 lamae
805 2731 876 2797 lieri
906 2745 1049 2819 possunt,
1072 2731 1186 2798 domini

233 2836 384 2922 episcopi,
399 2846 433 2900 et
448 2834 599 2911 vestrum,
615 2835 700 2920 quod
722 2834 765 2898 ab
787 2855 826 2898 eo
842 2856 906 2898 non
929 2835 1103 2920 discrepat,
1115 2856 1186 2900 con.

232 2936 339 3000 silium
361 2958 495 3022 sequar:
527 2935 582 2999 sed
605 2957 665 2998 nec
688 2934 844 3020 proficisci
867 2934 982 2999 vellem
1007 2936 1048 2999 ad
1071 2936 1186 2999 curiam

231 3060 344 3123 pacem
370 3038 521 3114 facturus,
547 3037 607 3101 nisi
632 3035 833 3124 aliquatenus
863 3038 1063 3124 praecognita
1089 3039 1185 3102 forma

230 3140 308 3223 ejus.
347 3143 430 3203 Nam
444 3138 489 3202 rei
501 3138 663 3202 familiaris
673 3138 831 3221 angustia,
842 3151 877 3202 et
884 3140 1061 3223 negotiatio
1068 3140 1185 3204 littera·

230 3261 312 3316 rum,
325 3262 398 3325 quoe
413 3240 491 3304 mihi
508 3240 654 3305 solatium
671 3239 798 3325 pariter,
810 3253 844 3302 et
859 3241 1037 3304 subsidium
1054 3242 1183 3327 praebet,

228 3362 288 3403 nec
304 3363 435 3425 magnos
450 3356 596 3428 sumptus
610 3342 725 3418 lacere,
738 3363 797 3405 nec
812 3341 868 3405 diu
884 3343 997 3407 abesse
1013 3343 1182 3430 patiuntur.

230 3442 380 3506 Facultas
394 3445 480 3507 enim
503 3445 596 3509 solito
617 3444 719 3528 magis
734 3443 840 3508 tenuis
854 3458 913 3523 est,
928 3446 984 3509 sed
1001 3469 1100 3510 onera
1120 3468 1180 3509 non

228 3544 424 3613 decrescunt.
475 3548 652 3613 Rarescunt
674 3560 782 3612 autem
805 3547 934 3624 auxilia,
950 3548 1012 3612 etsi
1034 3550 1076 3613 ab
1097 3548 1182 3612 initio

228 3649 385 3713 rarissima
399 3650 527 3716 fuerint.
574 3651 612 3714 lu
633 3650 829 3736 proiectione
843 3672 954 3714 versus
971 3651 1179 3736 Andegavim,

227 3767 261 3814 et
285 3751 492 3816 Pascbalibus
514 3751 678 3838 colloquiis
701 3773 823 3834 regum,
840 3751 998 3815 tredecim
1018 3752 1114 3817 libras
1132 3774 1181 3816 ex·

226 3855 336 3939 p'endi,
360 3872 393 3919 et
421 3855 500 3919 duas
521 3853 612 3917 amisi
638 3854 849 3939 equitaturus,
874 3866 911 3916 ut
940 3854 983 3917 de
1014 3854 1181 3931 laboribus,

224 3956 388 4033 molestiis,
400 3971 434 4021 et
448 3957 607 4022 curiarum
624 3955 727 4019 taediis
743 3966 898 4036 taceatur,
912 3956 1067 4042 quodque
1082 3955 1179 4039 magis

225 4056 325 4141 piget,
341 4072 457 4123 cuncta
472 4072 635 4123 cesserunt
650 4058 683 4121 in
700 4079 834 4122 cassum.
881 4059 967 4122 Nam
984 4057 1077 4123 labor
1093 4056 1182 4144 periit

223 4171 255 4222 et
278 4159 433 4244 impensa,
449 4184 509 4225 nec
525 4160 641 4226 vellem
663 4161 688 4224 si
711 4160 782 4224 fieri
803 4170 910 4245 posset
932 4162 1175 4247 occupationum

224 4274 258 4327 et
280 4285 385 4327 rerum
409 4264 530 4328 humile
556 4264 662 4329 subire
688 4262 906 4348 dispendium.
955 4266 1069 4329 Status
1093 4283 1178 4328 meus

224 4366 313 4432 vobis
328 4389 367 4433 ex
389 4380 478 4453 parte
500 4390 556 4452 per
571 4366 725 4442 nuncium
741 4367 929 4431 innotescet.
981 4368 1075 4434 ldem
1098 4368 1178 4433 enim
