3034 5500
285 761 484 841 itta-61]
684 778 864 823 urrsroua.
1179 766 1239 825 103

282 930 507 1016 reprobabam,
525 941 557 993 et
573 927 664 1013 quasi
683 927 857 993 calcaribus
877 927 1027 1013 urgebam
1052 941 1086 994 ut
1108 928 1236 994 rediret.

283 1034 351 1096 Hoc
366 1046 480 1097 autem
501 1031 531 1096 ei
552 1030 809 1095 molestissimum
825 1030 898 1105 suit,
914 1053 952 1094 eo
971 1030 1060 1116 quod
1081 1029 1235 1096 natalium

280 1134 402 1201 dierum
430 1135 516 1198 festa
540 1134 625 1198 inter
647 1145 800 1217 cognatos
820 1143 853 1197 et
875 1131 1002 1209 amicos,
1024 1148 1056 1198 et
1079 1146 1181 1210 notos,
1201 1133 1235 1198 in

281 1236 357 1301 locis
378 1234 525 1322 plebeiis,
539 1247 571 1300 et
594 1234 636 1299 ab
658 1233 743 1297 omni
764 1234 940 1298 merentia
957 1234 1114 1320 exemptis
1135 1248 1236 1299 trans·

281 1339 366 1423 igere
386 1336 573 1401 decreverat
595 1347 627 1398 et
648 1332 845 1399 condixerat.
891 1333 995 1398 Malui
1010 1357 1086 1419 ergo
1107 1357 1158 1399 me
1179 1357 1236 1420 op·

282 1459 398 1523 ponere
419 1434 634 1521 indignationi
655 1435 737 1519 ejus,
761 1455 857 1520 quam
879 1433 1084 1519 adquiescere
1105 1432 1235 1499 consilio

281 1538 468 1624 periculoso.
499 1538 615 1601 Frater
626 1536 709 1599 enim
727 1534 814 1599 mitis
828 1547 888 1608 eat,
900 1550 933 1599 et
949 1535 1041 1598 bona
1052 1534 1235 1616 voluntatis,

283 1653 319 1705 ut
343 1639 451 1715 credo,
474 1637 530 1703 sed
553 1636 724 1721 simplicior
749 1636 868 1714 adhuc,
890 1657 988 1721 quam
1014 1647 1051 1701 ut
1074 1636 1106 1699 in
1132 1636 1234 1700 turbis

281 1741 474 1827 populorum
498 1735 643 1824 regimini
667 1760 725 1803 suo
749 1737 904 1803 committi
931 1737 1090 1824 expediat.
1149 1740 1233 1802 Nam

282 1855 401 1927 proeter
428 1841 589 1905 levitatem
619 1853 677 1904 aut
706 1838 798 1917 nihil,
824 1854 881 1904 aut
911 1840 1079 1905 minimum
1106 1839 1138 1903 in
1165 1838 1234 1927 ipso

282 1963 398 2026 arguo,
413 1965 450 2005 eo
465 1955 565 2006 tamen
589 1956 723 2027 excepto
745 1940 834 2027 quod
856 1957 913 2008 aut
935 1941 1042 2007 nullus
1063 1955 1118 2006 aut
1143 1964 1234 2005 rarus

281 2058 341 2121 est,
358 2044 389 2107 in
406 2067 471 2129 quo
484 2066 545 2107 non
558 2043 698 2109 inveniat
708 2043 797 2130 quod
812 2056 933 2130 carpat,
941 2056 973 2109 et
985 2043 1045 2107 hoc
1060 2044 1101 2108 ab
1116 2044 1233 2110 innatas

280 2150 420 2212 levitatis
445 2146 556 2211 fomite
577 2146 715 2211 arbitror
737 2147 871 2211 evenire.
923 2146 1076 2210 Videbam
1101 2147 1231 2233 quidem

281 2249 357 2314 mihi
387 2247 580 2314 alterutrum
618 2249 782 2313 imminere
810 2248 988 2325 discrimen,
1018 2262 1054 2313 ut
1084 2261 1142 2313 aut
1171 2271 1232 2333 ego

281 2350 478 2437 periclitarer
493 2351 525 2415 in
540 2352 645 2436 gratia
667 2353 746 2436 ejus,
761 2365 818 2415 aut
834 2362 967 2415 vestram
988 2374 1124 2416 mererer
1138 2350 1231 2415 amit·

280 2469 355 2518 tere.
401 2454 521 2518 Fateor
545 2451 670 2538 culpam
698 2474 812 2529 meam,
834 2453 1007 2518 deliberavi
1029 2454 1171 2539 quidem,
1198 2465 1230 2519 et

279 2554 427 2642 amplius,
458 2575 553 2640 quam
591 2577 648 2640 per
677 2575 827 2635 mensem,
856 2554 910 2618 sed
941 2555 1069 2619 tandem
1099 2555 1231 2621 collecto

278 2655 393 2742 spiritu
417 2677 467 2719 me
490 2669 671 2720 constanter
697 2655 907 2741 indignationi
930 2660 998 2742 ejus
1020 2657 1167 2744 opposui,
1190 2679 1230 2720 ne

279 2759 365 2836 fidei,
387 2781 484 2844 quam
500 2758 591 2822 vobis
612 2759 724 2838 debeo,
746 2759 921 2844 periculum
945 2761 1090 2823 facerem.
1136 2760 1231 2823 Com-

278 2860 347 2945 puli
380 2882 459 2944 ergo
488 2858 530 2924 ad
560 2859 711 2936 reditum,
740 2873 773 2923 et
802 2859 870 2924 haec
900 2880 1029 2944 quoquo
1058 2871 1106 2922 est
1135 2858 1232 2944 culpa

277 2982 357 3024 mea.
413 2957 556 3023 Consilio
579 2982 649 3022 meo
673 2958 801 3023 tandem
829 2958 949 3022 invitus
973 2958 1148 3044 adquievit,
1172 2960 1229 3024 sed

276 3074 406 3149 gratum
433 3060 535 3127 babeo
558 3062 646 3147 quod
673 3059 840 3147 adquievit
867 3060 995 3126 tandem
1022 3065 1072 3125 vel
1098 3060 1227 3125 invitus.

279 3164 361 3230 Inde
382 3163 555 3233 simultatis
576 3187 692 3241 causae,
708 3163 782 3227 inde
801 3163 1006 3229 detractionis
1027 3164 1138 3241 fomes,
1153 3163 1229 3229 inde

277 3268 377 3334 totius
405 3265 499 3332 officii
530 3266 591 3330 mei
619 3265 766 3351 obsequii
792 3266 982 3350 denigratio.
1027 3268 1164 3332 Misistis
1185 3267 1228 3331 ad

275 3392 331 3436 nos
352 3369 550 3455 quandoque
572 3369 703 3432 fratrem
726 3369 881 3434 Thomam
906 3370 1150 3447 Norwicensem,
1165 3370 1227 3434 fra-

276 3485 356 3538 trem
389 3470 604 3547 willelmum,
628 3483 661 3533 et
687 3468 814 3556 aliquos
843 3470 930 3536 alios.
977 3472 1016 3534 ln
1048 3494 1087 3535 eo
1118 3471 1226 3557 acqui-

275 3587 408 3639 everunt
445 3594 564 3647 omnes,
595 3571 649 3636 sed
680 3572 836 3637 neminem
872 3595 983 3637 eorum
1012 3570 1118 3657 piguit
1154 3596 1226 3637 meo

273 3674 468 3762 acquievisse
488 3673 630 3740 consilio.
684 3673 777 3738 Solus
799 3673 850 3737 hic
872 3697 965 3738 suum
990 3696 1060 3738 meo
1080 3673 1225 3759 aliquan·

274 3776 327 3844 diu
342 3776 500 3863 praetulit,
516 3776 570 3840 sed
596 3775 724 3840 tandem
744 3774 919 3860 adquievit.
965 3779 1018 3839 An
1034 3774 1224 3861 deliquerim

269 3876 421 3963 judicate,
466 3879 513 3941 Et
528 3880 680 3961 quoniam
696 3875 794 3939 frater
814 3875 945 3961 quidem
967 3875 1100 3961 simplex
1116 3888 1176 3950 est,
1191 3888 1224 3941 et

274 3982 414 4054 minime,
438 3993 472 4040 ut
496 3975 602 4056 credo,
624 3974 811 4053 malitiosus,
826 3996 937 4059 precor
959 3990 996 4039 ut
1019 3999 1090 4040 eum
1113 3998 1223 4041 carum

274 4079 425 4156 habeatis,
440 4091 473 4142 et
497 4080 629 4143 utamini
652 4100 700 4156 eo,
722 4079 872 4162 quoniam
896 4078 985 4142 utilis
1006 4093 1065 4153 est,
1086 4089 1118 4143 et
1141 4078 1224 4142 sicut

275 4185 327 4251 sibi
342 4186 375 4249 iu
393 4182 473 4247 locis
487 4180 622 4267 publicis
638 4203 839 4267 nequaquam
854 4180 1113 4255 committendus,
1129 4180 1175 4243 ita
1189 4180 1222 4242 in

274 4283 425 4371 obsequio
448 4293 554 4344 vestro
580 4282 782 4345 necessarius.
827 4279 924 4367 Aliud
952 4280 1034 4345 forte
1055 4279 1096 4343 dc
1120 4280 1223 4359 scipso

276 4387 488 4454 testimonium
512 4382 703 4467 perhibebit,
718 4382 772 4446 sed
789 4405 838 4445 me
861 4380 938 4446 nihil
958 4394 1048 4464 urget
1073 4378 1113 4441 ad
1137 4398 1220 4439 men-
