3034 5500
275 753 472 833 rna-64]
682 770 859 813 ammona.
1167 758 1228 817 lat

310 996 546 1061 EPISTOLA
569 995 881 1060 LXXXV111.-an
897 1013 1068 1061 ainamma
1084 1016 1190 1063 cross-

571 1113 730 1158 rannsun
746 1113 944 1161 seisooeuu.

312 1228 593 1291 Menonanmun
620 1220 766 1289 excessus
794 1227 814 1289 ii
841 1226 1040 1313 potissimum
1071 1229 1232 1295 sufficiunt

275 1348 430 1406 coercere,
460 1326 582 1411 quibus
611 1329 724 1391 merita
756 1327 897 1410 partium
928 1329 1115 1395 familiarius
1143 1332 1233 1396 inno-

276 1439 414 1505 tescunt,
429 1441 464 1491 et
479 1427 539 1513 qui
553 1427 732 1513 corrigendi
753 1443 943 1515 potestatem
959 1453 978 1493 a
995 1435 1134 1496 Domino
1148 1456 1235 1496 aoce-

276 1545 404 1616 perunt.
451 1529 550 1593 Unde
570 1542 602 1593 et
618 1552 674 1594 vos
696 1532 957 1607 controversiam,
974 1555 1047 1617 quae
1067 1533 1151 1596 inter
1171 1534 1235 1605 Re,

276 1630 444 1716 ginaldum
458 1644 490 1695 et
501 1634 579 1716 Pag.
592 1633 741 1712 vertitur,
749 1632 948 1696 commodius
958 1632 1123 1711 decidetis,
1133 1656 1233 1719 quum

277 1733 366 1820 apud
393 1756 452 1798 vos
473 1732 591 1797 veritas
613 1733 711 1798 latere
732 1755 795 1796 non
818 1734 932 1818 possit,
954 1747 986 1799 et
1008 1735 1093 1798 inter
1116 1758 1169 1798 eos
1194 1758 1234 1799 ex

278 1833 461 1900 necessitate
476 1833 571 1899 officii
590 1834 816 1921 jurisdicendi
839 1834 984 1899 debitum
1006 1835 1188 1900 discretioni
1202 1849 1235 1901 et

278 1935 355 1999 fidei
379 1951 491 2000 restra
511 1936 686 2003 immineat.
732 1936 827 2014 Quod
850 1937 932 2001 enim
957 1938 1018 2001 fori
1041 1938 1139 2003 vestri
1162 1960 1234 2001 con-

278 2036 442 2102 troversiae
463 2037 503 2100 nd
519 2060 578 2102 nos
594 2052 733 2114 manant,
750 2052 826 2102 nota
848 2038 994 2103 defectus
1015 2050 1072 2104 aut
1088 2038 1236 2104 dissimu-

277 2139 404 2204 lationis
418 2151 477 2220 est,
493 2161 551 2202 nec
566 2152 631 2204 tam
648 2140 848 2204 auctoritatis
867 2155 924 2205 aut
945 2142 1124 2227 prudentiae
1147 2142 1235 2229 quie-

277 2264 373 2328 quam
396 2240 508 2306 credat
533 2263 600 2305 esse
622 2241 802 2306 defectum:
835 2265 935 2329 quum
962 2256 1136 2329 utrumque
1160 2266 1234 2308 con·

277 2344 389 2409 tulerit
404 2342 465 2409 tibi
483 2344 650 2409 Dominus.
697 2347 782 2409 Date
797 2366 874 2429 ergo
888 2367 1029 2430 operam,
1045 2368 1084 2408 ne
1094 2344 1235 2430 justitiae

277 2444 449 2531 implendae
467 2444 614 2509 voluntas
633 2444 746 2508 merito
768 2444 876 2508 deesse
893 2444 1050 2509 videatur.
1095 2443 1191 2518 Quod
1208 2445 1234 2507 si

278 2545 498 2625 dissimulatis,
528 2568 620 2631 oeque
650 2559 756 2609 vestro
785 2544 931 2609 insistitis
967 2560 1141 2631 nostroque
1170 2545 1234 2609 dis·

279 2648 406 2734 pendio,
420 2670 521 2735 quum
538 2660 570 2712 et
586 2648 677 2712 nobis
693 2648 783 2712 labor
797 2660 965 2725 accrescat,
980 2660 1011 2711 et
1029 2647 1129 2721 vobis,
1144 2648 1234 2733 quod

279 2773 341 2815 non
356 2750 501 2836 expedit,
515 2763 676 2837 conceptae
692 2750 820 2814 virtutis
835 2750 943 2835 opinio
958 2750 1131 2813 minuatur.
1169 2753 1233 2812 Vo-

280 2851 330 2917 bis
343 2853 428 2917 enim
445 2853 610 2930 debemus,
628 2865 664 2917 ut
686 2874 760 2915 cum
784 2851 885 2914 amico
903 2850 1036 2913 liberius
1051 2849 1234 2933 loquamur,

279 2954 368 3041 quod
384 2977 443 3018 nos
462 2954 643 3019 Edwarilus
657 2969 689 3018 et
705 2953 818 3018 Helias
840 2951 963 3015 diutius
978 2963 1186 3029 vexaverunt,
1201 2965 1234 3017 et

281 3070 317 3121 ut
344 3056 452 3121 verbis
480 3056 593 3120 vestris
618 3055 708 3120 vobis
733 3054 951 3141 respondeam,
975 3051 1061 3138 qnod
1089 3052 1167 3115 mihi
1193 3053 1234 3118 de

278 3156 423 3241 praefatis
445 3155 694 3241 praescripsistis,
710 3155 750 3218 de
772 3158 812 3219 R.
835 3166 866 3218 et
891 3155 925 3219 P.
942 3151 1092 3231 rescribo,
1107 3174 1235 3238 respon-

279 3256 354 3322 deat
369 3256 488 3321 scilicet
511 3256 641 3343 utrique
658 3257 788 3344 justitia
810 3278 877 3319 sua.
923 3253 1017 3331 Quod
1041 3254 1066 3318 si
1089 3252 1181 3318 aliter
1199 3253 1234 3317 in

279 3358 450 3423 manifesto
475 3359 606 3424 crimine
633 3358 857 3425 inobedientia
879 3357 930 3421 vel
952 3357 1082 3422 alterius
1108 3355 1233 3420 soeleris

279 3460 549 3546 deprehendatur,
570 3483 665 3547 poena
691 3459 858 3525 manifesta
879 3459 1043 3546 puniatur,
1067 3472 1103 3523 ut
1126 3459 1232 3523 caeteri

279 3575 397 3627 metum
420 3561 571 3642 habeant,
594 3577 626 3626 et
650 3563 800 3639 recolant,
823 3584 921 3647 quare
938 3561 1027 3645 vigor
1042 3560 1235 3645 judiciarius

281 3665 320 3728 sit
349 3665 384 3727 in
412 3662 519 3726 medio
547 3662 752 3729 constitutus.
812 3663 912 3733 Novit
942 3662 1037 3725 etiam
1062 3662 1234 3747 prudentia

279 3778 383 3829 vestra
398 3763 546 3851 quaedam
564 3778 654 3830 tanta
669 3787 777 3828 rerum
796 3765 868 3827 luce
884 3764 1064 3840 clarescere,
1082 3775 1117 3827 ut
1133 3767 1234 3827 venti-

281 3864 396 3931 latione
411 3888 474 3930 non
490 3879 615 3951 egeant,
632 3866 684 3930 sed
702 3888 798 3951 poena
813 3865 984 3930 dumtaxat
999 3876 1054 3928 aut
1070 3865 1211 3949 praemio.

302 4131 527 4198 EPISTOLA
551 4134 825 4197 LXXXIX-ao
839 4149 1072 4197 unumunurn
1088 4150 1208 4195 aaran

320 4273 557 4333 Assuurlonns
569 4266 707 4351 partium
722 4265 807 4330 fideli
819 4266 972 4331 debemus
985 4266 1135 4349 prosequi
1146 4263 1234 4326 testi·

281 4369 396 4444 monio,
423 4389 524 4450 quum
552 4389 655 4431 causae
680 4366 860 4431 recedentes
884 4389 901 4429 a
927 4363 1017 4427 nobis
1042 4363 1083 4424 ad
1109 4372 1235 4446 aposto-
