3034 5500
317 754 377 812 196
579 769 716 813 ioannis
733 767 1010 812 sruessnmsxsrs
1166 749 1210 827 [a.
1226 764 1252 809 n.

481 917 542 968 Non
555 918 602 968 hoc
615 919 665 968 ista
678 918 727 968 sibi
740 926 842 988 tempus
854 916 1001 989 spectacula
1013 918 1106 987 pooeit.

310 1021 472 1106 Siquidem
499 1042 560 1082 non
588 1033 652 1082 tarn
676 1018 877 1082 devotionem
900 1023 1054 1098 excitant,
1081 1042 1179 1104 quam
1208 1041 1255 1082 cu·

308 1123 489 1187 riositatem.
537 1122 650 1184 Nonne
666 1120 814 1194 recolitis,
830 1121 907 1206 quia
922 1125 953 1184 in
970 1121 1121 1205 angustia
1142 1121 1255 1207 populi,

310 1237 345 1287 ut
362 1224 513 1309 scriptum
531 1236 591 1298 est,
610 1224 703 1286 Inter
719 1225 909 1286 vestibulum
925 1233 956 1287 et
970 1227 1079 1287 altare
1089 1223 1257 1306 plorabunt

308 1329 483 1392 sacerdotes
516 1339 544 1390 et
585 1328 736 1399 ministri,
772 1328 933 1390 dicentes:
969 1328 1085 1406 Parce,
1118 1328 1257 1400 Domine,

306 1453 403 1512 parce
416 1434 533 1513 popa-Io
557 1441 619 1492 luo.
664 1429 888 1502 Eaercitabar,
912 1431 1019 1512 inquit
1040 1428 1211 1514 propheta,
1229 1439 1257 1491 et

309 1535 468 1615 scopebam
490 1533 642 1614 spiritum
665 1552 778 1603 meum,
794 1534 829 1592 in
853 1533 905 1594 aie
925 1528 1257 1593 tribulationem·

310 1634 479 1717 acquirens
499 1636 652 1696 monibus.
699 1635 743 1696 Ut
760 1631 872 1693 docent
890 1632 968 1716 quia
988 1630 1158 1716 spirituale
1178 1654 1258 1694 exer·

311 1736 422 1801 citium
453 1751 483 1800 et
516 1736 700 1800 mundatrix
730 1734 884 1798 discussio
915 1733 1121 1798 conscientiae
1150 1734 1256 1796 avertit

311 1838 484 1921 flagellum,
509 1853 541 1902 et
567 1838 716 1923 impetrat
742 1836 990 1899 misericordiam
1018 1835 1092 1899 Dei.
1140 1835 1217 1912 Quis
1240 1858 1258 1896 a

309 1939 740 2022 lectionelegum,autetiam
751 1958 906 1999 canonum
917 1936 1255 2021 compunctussurgit?

309 2038 387 2102 Plus
416 2039 506 2102 dico:
531 2039 682 2100 scholaris
706 2037 891 2101 exercitatio
913 2036 1077 2102 interdum
1102 2038 1255 2102 scientiam

307 2153 402 2223 auget
418 2139 458 2201 ad
475 2151 642 2212 tumorem,
660 2139 714 2201 sed
731 2138 929 2204 devotionem
946 2153 1004 2203 aut
1021 2161 1096 2202 raro
1111 2152 1166 2203 aut
1187 2161 1256 2203 nnn-

308 2262 405 2324 quam
427 2240 611 2302 iuflammat.
657 2240 789 2303 Mallem
814 2264 870 2303 vos
888 2245 1029 2306 Psalmos
1045 2243 1214 2315 ruminare,
1228 2255 1256 2303 et

306 2341 392 2405 beati
416 2338 563 2422 Gregorii
586 2340 719 2403 morales
742 2341 842 2405 libros
864 2340 1038 2419 revolvere,
1061 2365 1160 2427 quam
1176 2342 1254 2405 scho-

306 2443 419 2507 lastico
434 2465 520 2506 more
531 2441 759 2528 philosophari.
794 2443 937 2528 Expedit
952 2443 1098 2509 conferre
1114 2444 1155 2508 de
1170 2445 1256 2507 mori·

305 2543 367 2608 bus
382 2567 451 2608 cum
469 2543 577 2628 aliquo
592 2544 761 2629 spirituali,
776 2545 869 2629 cujus
878 2545 1025 2630 exemplo
1037 2545 1257 2620 accendamini,

306 2668 403 2730 quam
418 2646 571 2730 inspicere
586 2662 616 2709 et
641 2646 799 2710 discutere
823 2647 976 2730 litigiosos
996 2649 1151 2713 articulos
1165 2670 1257 2712 sacu-

307 2747 421 2814 larium
457 2747 629 2812 literarum.
682 2752 781 2812 Novit
819 2752 919 2829 Deus,
948 2773 1016 2834 qua
1051 2765 1171 2829 mente,
1198 2772 1256 2837 qua

306 2852 474 2916 devotione
496 2853 557 2913 ista
579 2872 764 2934 proponam.
811 2851 873 2912 Vos
895 2852 1059 2935 accipietis
1084 2866 1119 2917 ut
1150 2853 1254 2938 placet

308 2953 340 3014 Si
364 2969 469 3018 autem
493 2953 554 3014 ista
576 2951 723 3027 feceritis,
748 2952 838 3013 vobis
860 2953 920 3015 erit
941 2954 1074 3036 adjutor
1102 2955 1202 3029 Deus,
1225 2968 1255 3017 ut

306 3054 410 3116 timeri
433 3077 494 3116 non
525 3068 669 3138 oporteat
693 3054 771 3137 quid
804 3054 1002 3117 machinetur
1035 3054 1143 3119 homo.
1189 3057 1255 3141 lpse

305 3154 392 3215 novit
403 3155 489 3237 quod
500 3154 531 3214 in
545 3153 633 3218 nullo
645 3154 769 3217 mortali
781 3155 881 3234 nobis,
892 3170 927 3218 ut
937 3156 1254 3241 opinor‚sperandum

304 3268 352 3318 est
375 3255 407 3317 in
430 3258 579 3340 praesenti
611 3257 769 3338 angustia.
817 3257 935 3321 Audivi
961 3272 1068 3320 tamen
1092 3258 1180 3342 quod
1205 3280 1255 3320 rex

307 3354 448 3418 Franciae
472 3379 529 3441 pro
553 3358 642 3419 vobis
664 3358 878 3421 sollicitaverit
903 3357 1070 3421 dominum
1086 3381 1213 3444 papam,
1228 3371 1256 3420 et

304 3458 598 3521 Pontiniacensibus
614 3462 734 3543 gratias
750 3460 859 3542 egerit.

349 3558 470 3623 Audivi
499 3559 585 3643 quod
617 3558 805 3645 scripseritis
835 3560 1074 3646 archiepiscopo
1101 3562 1255 3634 Remensi,

305 3681 342 3724 ut
358 3685 406 3725 res
422 3677 541 3725 vestras
556 3682 612 3744 per
639 3662 817 3724 l'landriam
841 3662 979 3726 conduci
994 3663 1114 3727 faceret
1136 3663 1255 3727 nomine

304 3787 373 3843 suo,
403 3765 494 3848 quasi
517 3788 582 3827 suae
605 3765 727 3826 futurae
750 3778 851 3827 crant.
898 3764 992 3840 Quod
1017 3769 1043 3828 si
1069 3787 1180 3827 verum
1202 3778 1256 3839 est,

302 3867 399 3928 miror
415 3867 597 3949 plurimum.
622 3866 925 3940 Praetereamus,
942 3866 1028 3952 qnod
1046 3868 1144 3930 frater
1162 3867 1255 3947 Hugo

302 3967 342 4027 de
372 3979 479 4027 sancto
510 3966 684 4030 Bcuerlicto
707 3965 835 4029 redierit
858 3968 898 4028 ab
922 3968 1048 4049 Anglia,
1071 3982 1103 4030 et
1128 3965 1252 4052 quidam

301 4066 366 4142 alii,
393 4065 549 4146 legatione
583 4069 664 4151 regis
694 4068 793 4130 nostri
825 4069 993 4150 iungentes
1023 4066 1063 4128 ad
1094 4066 1251 4129 dominum

301 4190 415 4252 papam
432 4182 464 4231 et
481 4192 584 4253 regem
604 4173 811 4245 Francorum,
829 4169 882 4232 sed
896 4170 973 4254 quid
987 4170 1167 4248 attulerint,
1181 4169 1252 4231 scire

300 4270 454 4332 desidero.
503 4273 628 4335 Dicitur
650 4275 743 4335 etiam
776 4273 862 4356 quod
893 4287 986 4336 terrae
1017 4286 1126 4336 motus
1154 4290 1250 4355 nuper

304 4372 446 4435 fueritin
465 4371 579 4456 Anglia
595 4374 676 4434 circa
701 4372 918 4449 cantuariam,
933 4384 964 4434 et
987 4371 1199 4446 Londoniam,
1220 4382 1247 4431 et
