3034 5500
313 770 374 826 su
569 777 1008 823 Joanstsssassnsursssrs
1179 767 1259 841 [an

313 952 383 994 rum
398 929 583 994 salutemet
602 926 896 1012 glorificationem?
929 928 974 992 Et
996 930 1076 1015 quia
1096 933 1262 997 memoratis

313 1030 471 1104 fratribus,
495 1042 531 1094 ut
559 1028 716 1102 audimus,
745 1028 851 1112 pietas
880 1045 989 1094 vestra
1020 1034 1217 1117 compatitur,
1232 1047 1262 1098 et

314 1135 494 1198 humanitas
508 1132 647 1197 libenter
666 1131 826 1206 subvenit,
842 1153 919 1196 eum
936 1133 986 1197 eis
999 1147 1035 1198 et
1057 1157 1117 1220 pro
1137 1137 1182 1202 eis
1194 1137 1261 1202 etri·

314 1237 370 1300 tati
387 1249 499 1300 vestrae
514 1234 684 1298 immensas
699 1231 868 1297 referimus
886 1235 1022 1317 gratias,
1037 1257 1141 1321 quum
1155 1259 1260 1323 praeoe·

311 1339 432 1422 peritis,
443 1350 477 1400 et
488 1359 537 1399 res
548 1350 582 1399 et
592 1346 717 1420 tempus
731 1335 938 1419 expetierint,
950 1336 1086 1401 relaturi
1099 1341 1259 1422 gratiarnm

311 1456 447 1526 quantas
461 1438 635 1524 poterimus
648 1437 798 1512 actiones,
811 1437 892 1502 certi
907 1439 1044 1522 quidem
1061 1441 1150 1526 quod
1164 1443 1260 1507 Chris

311 1557 373 1621 tus,
388 1563 484 1627 quern
509 1540 541 1603 in
565 1538 717 1603 membris
738 1538 803 1602 suis
824 1538 865 1602 ad
889 1561 1035 1624 praeseus
1051 1543 1258 1621 consolamini,

310 1666 390 1729 quas
411 1643 519 1722 debet,
534 1641 650 1705 reserat
672 1641 705 1704 in
727 1640 946 1706 misericordia
966 1644 1072 1726 verbi,
1088 1667 1258 1710 mensum

310 1745 500 1829 coagitatam
530 1756 563 1808 et
600 1742 879 1829 supereffluentem
914 1743 1093 1810 refundens
1121 1747 1155 1810 in
1181 1749 1258 1812 dnm

310 1861 437 1912 vestros.
485 1846 659 1911 Preoamur
673 1858 793 1920 autem,
808 1857 843 1908 et
864 1859 988 1931 quanta
1010 1869 1258 1935 possumusmp-

309 1950 478 2034 plicatione
500 1948 710 2033 deposcimus,
727 1957 763 2010 ut
789 1946 931 2011 Priorem
952 1970 1068 2014 eorum
1093 1950 1134 2014 L.
1148 1952 1257 2016 wint
1303 1936 1305 1944 ,

308 2074 396 2114 mum
420 2051 587 2114 alumnum
601 2063 741 2114 vestrum
764 2072 875 2113 carum
895 2050 1044 2116 habeatis
1058 2066 1095 2117 et
1109 2077 1174 2126 vos.
1185 2055 1255 2119 etei

305 2167 338 2216 et
353 2152 503 2214 iratribus
517 2153 592 2228 suis,
608 2152 641 2214 in
657 2153 775 2236 quibus
790 2152 968 2237 patrocinio
984 2166 1092 2219 restro
1109 2156 1255 2239 eguerint,

304 2253 456 2317 auxilium
483 2264 516 2314 et
542 2251 708 2315 eonsilium
736 2251 940 2336 impendatis,
961 2266 998 2318 et
1026 2257 1118 2341 quod
1138 2270 1253 2321 tantum

302 2369 425 2440 patrem
437 2352 531 2417 decet
541 2365 575 2416 et
585 2365 686 2416 tantae
697 2354 873 2418 nobilitatis
880 2355 1063 2432 ecclesiam,
1074 2381 1253 2444 pauperum,

303 2477 402 2540 quum
418 2452 606 2540 expedierit,
618 2475 728 2538 preces
739 2455 978 2538 praeveniendo,
990 2479 1106 2522 eorum
1118 2461 1253 2545 parents,

301 2556 542 2632 erubescentiae,
558 2568 592 2619 et
606 2568 742 2620 vestram
757 2555 899 2620 dilatetis
918 2558 1069 2640 gloriam,
1085 2573 1120 2624 et
1141 2562 1253 2625 eonsci-

301 2661 421 2725 entiam
449 2659 623 2723 mulceatis.
679 2658 722 2721 Et
744 2659 819 2744 quie
844 2680 900 2722 eos
921 2659 1023 2746 aliqui
1045 2662 1088 2725 de
1111 2661 1251 2727 iratribus

301 2764 423 2842 restris,
437 2761 523 2847 quod
539 2782 598 2823 nec
612 2759 734 2833 honori,
750 2782 809 2822 nec
832 2760 963 2824 utilitati
978 2776 1097 2827 vestrae
1118 2767 1250 2851 expedit,

301 2866 469 2930 molestare
498 2863 657 2941 dicuntur,
686 2861 903 2946 supplicamus
940 2865 1108 2942 attentius,
1140 2882 1176 2931 ut
1208 2869 1249 2932 eis

300 2990 411 3055 pacem
429 2964 615 3039 reformetis,
630 2975 665 3027 et
678 2962 789 3026 fratres
804 2975 925 3028 vestros
940 2965 982 3030 ab
1004 2988 1120 3032 eorum
1135 2969 1250 3056 inquie-

299 3070 419 3134 tatione
434 3065 641 3152 suspendatis.
687 3063 850 3150 Quicquid
865 3078 975 3130 autem
996 3067 1045 3131 eis
1067 3067 1248 3146 feceritissi

299 3171 390 3234 nobis
412 3169 530 3233 laetum
555 3166 739 3241 dixerimus,
764 3165 921 3230 veraciter
941 3168 1102 3255 quicquid
1123 3172 1248 3237 dicetur.

300 3270 364 3333 Sed
380 3291 492 3355 pamm
508 3268 570 3332 erit
584 3268 628 3332 sd
645 3266 879 3354 expressionem
904 3272 1013 3334 meriti
1031 3274 1140 3351 vestri,
1155 3297 1246 3362 quum

298 3370 426 3435 Christo
457 3369 664 3454 personaliter
700 3370 895 3452 intendatur,
924 3373 1085 3459 quiequid
1118 3376 1184 3441 istis
1218 3378 1246 3440 in

295 3470 447 3534 alterutra
462 3484 546 3535 sorte
560 3471 637 3535 boni
653 3472 703 3535 vel
719 3470 795 3535 mali
809 3471 990 3537 exhibitum
1005 3474 1115 3542 fixerit

294 3729 512 3794 EPISTOLA
538 3731 818 3794 CLXXIIL-an
828 3748 1041 3797 urststunu
1058 3754 1243 3801 uoawtcss·

491 3848 556 3892 suu
573 3848 770 3893 aulaeorum
818 3829 863 3909 [a.
881 3849 911 3892 n.
933 3835 1046 3914 llud]

588 3964 729 4025 Domino
745 3964 952 4026 Noruscemt.

336 4078 425 4153 Sero,
449 4088 549 4161 pater,
571 4076 656 4162 quod
685 4076 795 4141 fideles
818 4092 937 4141 vestros
962 4079 1092 4147 sineere
1118 4106 1243 4150 eonsue-

289 4179 376 4243 vistis
406 4179 536 4242 caritate
566 4179 709 4263 diligere,
736 4191 771 4242 et
798 4178 1004 4244 devotionern
1031 4196 1068 4248 et
1096 4187 1244 4274 obaequia

286 4303 398 4346 eornm
430 4291 595 4362 acceptare
625 4291 659 4343 et
697 4301 900 4344 remunerare
940 4304 999 4367 pro
1034 4285 1188 4352 facultate
1214 4298 1244 4350 et

289 4382 411 4446 merito.
459 4378 555 4442 Unde
578 4400 648 4463 ego,
672 4380 748 4463 quia
773 4403 825 4445 me
849 4382 938 4446 vobis
962 4406 1094 4470 semper
1117 4388 1242 4452 fidelem
