3034 5500
282 749 347 808 250
532 757 668 802 sossius
685 756 983 804 ssnssnsnrnssrs
1164 741 1204 822 [s.
1217 763 1241 806 o.

309 827 318 855 Ι

279 913 432 990 devoveo,
467 909 660 996 quandoque
698 909 868 974 devotioni
904 923 1088 996 promptia,
1123 924 1238 979 anctore

280 1013 432 1092 Domino,
447 1012 649 1077 exhibiturus
668 1014 832 1077 effectum.
881 1015 979 1078 Deus
1002 1026 1114 1080 autem
1129 1019 1239 1101 procul·

279 1114 378 1180 dubio
401 1124 514 1180 restra
536 1115 676 1179 caritatis
698 1117 922 1181 remunerabit
944 1119 1108 1197 officium,
1122 1130 1155 1184 ct
1172 1120 1238 1184 licet

278 1215 372 1279 nobis
394 1215 588 1279 subtraxerit
609 1213 806 1279 retribuendi
829 1215 1038 1298 facultatem,
1060 1224 1131 1305 ipse
1158 1220 1237 1304 cujus

279 1336 393 1379 manus
406 1337 466 1380 nec
482 1316 577 1400 inops
592 1328 652 1394 est,
666 1338 726 1380 nec
742 1339 851 1396 avara,
862 1341 924 1384 nec
941 1320 1121 1404 impotens,
1135 1320 1233 1404 benig·

280 1418 374 1481 nitati
403 1427 516 1481 vestrm
552 1416 640 1502 quod
673 1417 779 1501 ipsum
818 1416 916 1484 decet
954 1423 1233 1506 respondebitin

280 1518 502 1584 misericordia
520 1519 612 1582 uberi
633 1539 815 1584 mensuram
836 1523 962 1586 bonam
985 1534 1020 1586 et
1043 1525 1234 1607 coagitatam,

281 1633 315 1686 et
328 1622 608 1707 supereffluentem
622 1621 794 1687 refundens
808 1623 843 1686 in
858 1624 971 1688 sinum
988 1638 1141 1691 vesunu.

281 1883 504 1947 EPISTOLA
526 1883 732 1947 cmx-sn
748 1900 937 1948 nonnarum
955 1904 1080 1950 ricton
1097 1907 1231 1953 ncrnrs.

650 1983 694 2065 [s.
706 2004 737 2048 u.
756 1987 866 2068 llos]

567 2118 789 2200 Robcrtofllr'o
804 2119 950 2201 Epidio.

323 2241 352 2302 Α
365 2254 562 2302 ontr1snurt
579 2236 658 2298 mihi
673 2235 898 2320 incipiendum
912 2252 963 2302 est
977 2244 1121 2321 actione,
1131 2244 1191 2307 nisi
1204 2257 1232 2308 et

280 2340 510 2407 conscientiam
533 2350 565 2402 et
586 2339 705 2402 famam
719 2339 816 2402 velim
832 2340 1079 2421 ingratitudinis
1094 2346 1169 2409 vitio
1183 2346 1231 2409 de·

281 2456 416 2528 turpare.
448 2443 522 2505 Hoc
536 2441 621 2504 enirn
637 2440 860 2523 multipliciter
870 2446 1087 2526 promeruisti,
1103 2449 1230 2514 multum

280 2543 411 2630 quidem
436 2542 470 2607 in
494 2563 633 2627 persona
656 2562 738 2618 mea,
755 2541 813 2605 sed
839 2546 982 2609 maxime
1007 2547 1042 2610 in
1068 2549 1229 2614 fraterculo

279 2657 400 2720 nostro,
416 2646 508 2730 cujus
524 2643 706 2730 praedicaris
721 2645 961 2710 communicem
976 2651 1229 2723 necessitatibus,

280 2762 314 2815 et
327 2770 383 2814 eas
397 2761 584 2835 supportare
598 2760 634 2812 ut
648 2760 728 2824 tuas,
739 2757 773 2809 et
786 2759 822 2809 ut
836 2748 884 2810 eis
900 2752 1145 2817 communicent
1157 2754 1229 2818 alios

279 2852 431 2917 animare
487 2850 582 2914 Nosti
610 2849 694 2913 enim
724 2848 804 2912 illud
833 2853 973 2933 apostoli
1007 2853 1107 2933 Petri,
1136 2854 1171 2919 Si
1198 2866 1231 2918 nt

280 2954 482 3019 Christianus
497 2953 570 3037 quis
584 2952 712 3036 patitur,
725 2972 791 3014 nou
806 2954 988 3031 erubescat,
1003 2955 1062 3019 sed
1077 2957 1230 3039 glorificet

279 3055 469 3130 Dominum,
481 3054 552 3118 haec
568 3066 617 3118 est
630 3055 714 3117 enim
730 3053 832 3135 gratia
846 3056 934 3137 apud
952 3058 1074 3140 Ipsum
1121 3059 1230 3123 Certus

279 3178 313 3219 es
329 3169 446 3234 autem,
461 3169 495 3219 ut
510 3157 656 3233 arbitror,
671 3156 822 3239 quoniam
842 3157 903 3220 iste
926 3171 1035 3222 noster
1049 3161 1229 3225 fraterculus

278 3279 344 3320 non
368 3260 486 3342 patitur
507 3260 599 3342 quasi
622 3256 794 3335 homicida,
808 3271 863 3322 aut
885 3260 946 3333 fur,
967 3270 1023 3324 aut
1046 3262 1228 3341 maledicus,

278 3370 333 3422 aut
359 3362 521 3444 appetitor
545 3362 731 3438 alienorum,
762 3369 794 3423 et
822 3360 886 3423 hoc
917 3360 1036 3445 ipsum,
1064 3374 1100 3428 ut
1127 3363 1231 3440 audio,

278 3473 381 3545 perte
396 3462 466 3525 aliis
481 3462 669 3539 innotescit,
683 3459 725 3525 ad
740 3462 996 3527 consolationem
1013 3461 1145 3545 quidem
1160 3486 1229 3529 nos·

278 3573 371 3638 tram,
397 3562 455 3626 sed
479 3564 611 3646 gloriam
638 3583 746 3628 eorum
771 3577 803 3627 et
826 3565 974 3644 salutem,
996 3567 1053 3650 qui
1077 3568 1107 3630 ei
1130 3568 1230 3632 officia

278 3665 482 3729 humanitatis
495 3665 695 3749 impendunt
734 3665 862 3729 Gratias
877 3666 986 3749 itaque
1001 3669 1129 3732 interim
1144 3690 1230 3732 max·

280 3768 360 3833 imas
376 3768 434 3833 tibi
448 3770 515 3852 agit
530 3771 664 3832 affectus
681 3789 782 3845 meus,
797 3766 873 3830 dum
896 3766 986 3831 aliud
1001 3790 1069 3833 non
1085 3771 1237 3856 permittit

279 3869 415 3935 facultas
428 3870 601 3944 exulantis,
616 3882 745 3934 auctore
767 3869 917 3945 Domino,
932 3870 1130 3957 quandoque
1146 3893 1231 3937 max·

278 3970 360 4036 imas
374 3973 575 4036 exhibiturus
589 3973 716 4035 effectu.
762 3970 878 4034 Precor
898 3981 1007 4035 autem
1023 3987 1059 4036 ut
1074 3975 1108 4038 in
1122 3974 1229 4038 huma·

278 4072 377 4137 nitate
400 4096 494 4156 quam
517 4074 666 4158 incepisti
688 4073 730 4137 ad
752 4073 876 4135 fratrem
901 4093 1009 4137 meum
1028 4075 1230 4141 laudabiliter

277 4193 468 4257 perseveres,
499 4174 575 4256 quia
604 4173 691 4257 quod
717 4186 827 4237 restrae
858 4174 1056 4240 subtrahitur
1080 4176 1228 4253 t'acrrltati,

278 4275 336 4339 tibi
351 4275 537 4339 abonorum
555 4276 698 4339 omnium
713 4276 902 4339 retributore
918 4276 1135 4360 supplebitur.
1169 4279 1228 4340 Va-

277 4381 350 4444 lete.
