3034 5500
286 759 346 818 198
539 768 676 814 Josuurs
692 765 975 812 snassnamassrs
1142 750 1186 830 [a.
1204 771 1231 814 n.

284 1022 503 1086 Eplsrona
530 1021 808 1084 cxxxix—m
827 1035 1011 1081 aasarcms
1027 1036 1233 1082 asrocaasmr

455 1139 641 1186 arrscorms
658 1139 829 1184 annorum.
855 1119 934 1200 [ao.
955 1121 1067 1201 116³]

379 1268 519 1333 Domino
534 1268 679 1332 Hem-ico
693 1270 789 1332 electo
803 1267 978 1331 Baicccnci
991 1270 1147 1351 episcopo.

328 1431 403 1493 Nou
422 1447 528 1511 parrae
544 1423 734 1489 temeritatis
747 1436 807 1499 est,
823 1424 849 1487 si
865 1422 937 1508 quis
952 1444 1113 1487 evacuare
1127 1422 1234 1489 nititur

283 1529 449 1594 consilium
489 1526 630 1606 Domini,
658 1526 763 1610 cujus,
792 1527 854 1590 etsi
887 1537 1035 1589 mutetur
1073 1524 1232 1600 sententia,

285 1632 452 1718 dispositio
472 1648 575 1696 tamen
596 1651 719 1715 semper
738 1628 907 1714 impletum
936 1626 1075 1713 proinde
1097 1648 1154 1690 nec
1176 1624 1234 1689 lor·

284 1749 372 1800 tuate
406 1732 565 1798 saevientis
593 1730 758 1810 acerbitas,
788 1751 846 1794 uec
875 1730 1041 1795 adulantis
1071 1728 1233 1794 blandities

285 1838 497 1921 compositum
533 1835 672 1898 animum
710 1833 757 1899 sui
795 1833 901 1898 reddit
939 1833 1169 1903 immemorem,
1199 1844 1230 1894 ut

286 1952 405 2001 statum
428 1948 543 2023 speret,
564 1936 624 1999 nisi
643 1935 684 1998 de
705 1935 821 2020 gratia,
836 1932 887 1998 vel
907 1956 1017 1999 casum
1042 1932 1164 2008 timeat,
1179 1931 1231 1998 nis'

285 2040 326 2103 de
348 2039 500 2103 malorum
527 2037 716 2102 couscientia
735 2037 931 2102 meritorum.
979 2038 1101 2122 ltaque
1123 2033 1180 2122 qni
1202 2057 1230 2100 sc

285 2143 447 2206 existimat
473 2154 567 2217 stare,
594 2139 700 2204 videat
723 2161 764 2204 ne
787 2139 892 2216 cadat,
918 2152 951 2203 et
975 2161 1073 2225 quem
1096 2138 1230 2202 mundus

285 2244 499 2328 persequitur,
528 2242 643 2303 clamet
672 2239 713 2303 ad
745 2240 940 2312 Dominum;
981 2262 1041 2326 per
1070 2243 1163 2326 cujus
1188 2253 1229 2304 est

285 2340 530 2406 misericordiam
568 2339 765 2420 liberandus,
795 2342 821 2405 si
850 2363 1023 2406 conversus
1056 2342 1231 2407 clamaverit

285 2444 499 2508 confidenter:
531 2442 619 2527 quia,
649 2444 688 2507 In
719 2457 877 2527 quantum
911 2444 987 2529 quis
1019 2443 1170 2531 desperat
1196 2443 1232 2506 de

284 2547 400 2632 gratia,
420 2569 458 2609 eo
479 2545 549 2631 ipso
572 2545 708 2627 gratiam
726 2545 918 2610 demeretur.
966 2547 1052 2611 Nam
1076 2547 1148 2633 quis
1168 2568 1232 2632 spe·

286 2647 368 2711 ravit
392 2646 424 2710 in
452 2646 601 2725 Domino,
626 2657 658 2709 et
683 2644 855 2710 derelictus
876 2651 947 2711 est?
988 2652 1036 2713 Ut
1060 2648 1150 2712 vobis
1169 2649 1231 2712 bac

288 2761 445 2827 constent,
460 2769 523 2812 non
538 2746 639 2831 magis
654 2746 787 2834 potestis
801 2746 905 2833 legere
924 2750 957 2812 in
980 2751 1117 2815 Patrum
1139 2751 1231 2829 libris,

289 2876 386 2940 quam
401 2855 528 2916 oculata
542 2850 605 2915 fide
619 2850 798 2935 conspicere
812 2853 845 2914 in
861 2850 921 2914 viis
935 2851 1062 2917 restris,
1108 2854 1190 2917 Nam
1203 2863 1232 2917 et

287 2978 348 3040 ego
361 2955 421 3019 hoc
437 2954 529 3018 video
548 2951 687 3017 recolens
706 2971 805 3016 annos
824 2952 1047 3019 adolescentiae
1063 2969 1190 3034 vestre,
1203 2970 1232 3020 et

287 3078 462 3141 processus,
484 3054 558 3118 licet
580 3074 614 3117 se
636 3052 864 3118 adversitatum
890 3053 1031 3120 turbines
1054 3055 1232 3143 frequenter

285 3159 477 3243 ingererent,
488 3155 611 3241 jugiter
625 3168 828 3241 prosperatos
841 3178 911 3220 esse
925 3156 957 3220 in
974 3159 1128 3223 Domino.
1164 3162 1232 3224 Hor

285 3259 418 3324 fortasse
440 3270 577 3338 sanctus,
598 3272 631 3323 et
652 3270 740 3322 tanta
759 3257 849 3344 prole
870 3258 988 3344 dignus
1008 3274 1104 3347 pater
1123 3277 1231 3339 vester,

285 3363 373 3424 velut
402 3358 483 3424 alter
511 3360 625 3436 Jacob,
656 3360 864 3445 praesagiebat
889 3361 922 3425 in
954 3362 1079 3448 Spiritu
1109 3365 1230 3440 Sancta

282 3460 339 3546 qui
375 3479 432 3522 vos
468 3458 550 3523 sicut
583 3482 688 3536 sunm,
719 3473 751 3525 et
783 3460 842 3524 sibi
879 3473 992 3525 notum
1027 3464 1165 3549 «loseph,
1199 3464 1229 3528 in

281 3561 424 3651 germine
439 3562 596 3627 virtutum
616 3566 892 3644 succrementium,
911 3587 993 3651 quas
1007 3566 1151 3645 videbat,
1169 3587 1230 3632 am·

281 3666 481 3756 plectebatur
503 3686 570 3751 prae
593 3666 727 3741 ceteris,
750 3679 784 3731 et
805 3668 871 3730 lere
894 3668 1060 3753 usquead
1081 3670 1229 3735 invidiam

280 3771 416 3834 fratrum
443 3790 476 3832 se
502 3779 605 3833 totum
635 3766 823 3852 indulgebat
856 3767 897 3843 ei,
927 3789 1022 3853 quem
1049 3793 1070 3834 a
1096 3771 1230 3836 Domino

281 3883 413 3934 noverat
432 3869 646 3955 praeelectum,
661 3880 693 3932 et
709 3892 768 3954 pro
789 3868 924 3933 aliorum
947 3869 1050 3936 salute
1070 3894 1130 3957 per
1144 3893 1229 3959 pros

280 3994 357 4055 pera
379 3982 412 4033 et
428 3969 570 4050 adversa,
593 3992 650 4054 per
672 3969 835 4033 infamiam
855 3984 887 4034 et
907 3970 1024 4036 bonam
1047 3972 1227 4050 famam,in

279 4072 459 4157 principum
482 4072 617 4158 gratiam
640 4072 913 4157 praemittendum.
964 4073 998 4135 Si
1022 4073 1153 4160 quidem
1176 4096 1227 4138 ros

277 4195 335 4258 pro
348 4172 488 4237 Domino
502 4187 535 4237 et
549 4174 687 4253 ecclesia,
696 4196 755 4259 pro
771 4186 862 4259 patre
876 4187 908 4239 et
924 4173 1081 4239 fratribus
1094 4176 1226 4261 gustatis

278 4274 318 4337 dc
334 4271 431 4339 calice
453 4272 525 4351 isto,
541 4286 573 4337 et
593 4274 686 4338 etiam
707 4272 787 4338 citra
806 4273 891 4338 sitim
909 4273 1000 4338 vobis
1021 4275 1223 4362 absynthium

277 4374 482 4462 propinatum
505 4388 551 4440 est
575 4391 606 4439 et
626 4388 750 4441 acetum
767 4375 808 4439 ab
824 4374 885 4452 his,
901 4374 957 4459 qui
982 4376 1075 4442 nobis
1097 4377 1220 4443 miscent
