3034 5500
298 758 360 817 tls
555 768 985 817 ronssrssrrrnssssrsnsrs
1160 754 1204 833 [s.
1219 772 1245 817 a

200 968 213 980 ω
299 925 539 987 absconditum:
563 923 701 988 undeet
722 945 834 987 mensa
856 922 943 986 Solis
965 922 1058 988 dicta
1076 937 1138 997 est,
1158 946 1246 1008 quam

297 1026 487 1108 Apollonius
506 1027 539 1088 in
562 1027 676 1089 sabulo
692 1025 868 1109 jacentem,
890 1022 971 1087 dum
997 1025 1124 1089 litteras
1147 1047 1245 1109 persc-

297 1137 452 1210 queretur,
474 1127 627 1209 inspexit.
672 1127 811 1189 Restant
832 1122 939 1188 adhuc
957 1124 1032 1190 dure
1048 1126 1091 1190 de
1112 1127 1247 1211 quinque

295 1228 466 1310 propositis
502 1226 734 1311 quaestionibus
769 1225 997 1289 absolvendae:
1037 1225 1098 1289 sed
1127 1239 1246 1308 tempus

293 1329 513 1411 respondendi
536 1329 639 1403 deest,
661 1339 695 1390 et
719 1328 834 1390 otium:
863 1348 944 1411 quas
967 1326 1103 1411 quidem
1128 1329 1157 1391 si
1182 1328 1244 1410 dig·

294 1432 415 1494 nationi
431 1442 542 1495 sestroe
557 1430 659 1494 visum
675 1429 771 1492 srrerit
790 1429 906 1491 lubens
924 1429 1097 1511 aggrediar
1111 1431 1244 1515 meisque

293 1534 531 1595 connumerabo
569 1532 780 1606 successibus,
810 1531 838 1592 si
867 1529 947 1592 mihi
979 1532 1111 1594 coelitus
1141 1531 1245 1596 datum

296 1634 391 1698 suerit
405 1634 518 1697 honori
534 1643 566 1696 et
581 1630 736 1695 voluntati
750 1643 861 1694 restrae
876 1631 910 1692 in
925 1631 1037 1714 aliquo
1052 1632 1212 1696 inservire.

399 1805 524 1857 Rusticus
537 1802 698 1870 Agricolam,
709 1800 784 1854 miles
796 1800 853 1853 fera
863 1799 934 1853 bella
945 1811 1092 1868 gerentem,

469 1891 607 1942 Rectorem
621 1889 705 1943 dubie
717 1889 804 1942 uerita
815 1889 909 1959 poppis
919 1893 1001 1939 amat.

291 2051 336 2113 Et
359 2051 536 2133 principem
560 2048 774 2132 philosophiae
801 2048 967 2126 cultorem,
991 2048 1105 2132 etqui
1131 2049 1243 2113 lisera

290 2162 394 2214 torum
409 2152 545 2214 honesta
559 2149 666 2214 studia
684 2152 898 2234 amplectitur,
911 2161 945 2213 et
958 2151 1058 2223 fovet,
1072 2151 1241 2215 litteram·

289 2271 491 2335 possessores
512 2272 577 2313 uon
600 2250 776 2315 amabunt?
815 2253 886 2315 Nec
906 2250 1036 2314 inficior
1057 2251 1139 2334 quin
1159 2253 1242 2337 prin·

290 2373 367 2435 ceps
389 2353 554 2417 illiteratus
575 2351 734 2416 interdum
757 2353 942 2436 reipublicae
962 2353 1156 2417 commodus
1176 2376 1241 2418 esse

288 2454 400 2538 possit,
410 2453 468 2518 sed
483 2454 525 2518 ad
539 2454 728 2538 parilitatem
740 2455 950 2519 litteratorum
963 2455 992 2517 si
1006 2455 1067 2517 rire
1081 2454 1241 2539 procedat,

288 2566 421 2639 uterque
436 2567 492 2620 aut
505 2577 669 2640 nunquam
685 2555 895 2634 conscendet,
909 2568 966 2620 aut
980 2577 1063 2620 raro.
1109 2557 1194 2621 Nam
1207 2570 1240 2621 ut

287 2667 391 2721 tester
414 2657 458 2720 ait
482 2658 647 2739 vegetius,
676 2658 785 2720 nullus
814 2668 864 2721 est
891 2678 988 2741 quem
1018 2670 1168 2743 oporteat
1189 2671 1240 2723 aut

288 2759 389 2844 plura,
417 2772 472 2826 aut
507 2761 639 2823 meliora
670 2760 762 2837 scire,
799 2781 895 2842 quam
931 2760 1124 2843 principem,
1152 2761 1238 2845 cujus

287 2863 423 2926 scientia
450 2873 558 2947 potest
587 2861 736 2924 omuibus
766 2860 918 2943 prodesse
947 2861 1115 2945 subjectis.
1169 2864 1235 2928 Neo

285 2964 416 3043 ambigo
446 2983 541 3047 super
569 2962 620 3024 his
648 2982 720 3044 quae
749 2958 803 3024 hic
833 2962 952 3044 scripta
982 2975 1070 3039 suut,
1098 2962 1237 3027 diversos

285 3062 411 3128 diversa
432 3084 594 3138 censuros,
616 3060 673 3127 sed
694 3074 885 3147 assequutus
903 3084 975 3129 mm
1001 3062 1103 3127 finem
1122 3085 1236 3141 meum,

285 3169 312 3227 si
328 3164 485 3248 placuerit
498 3166 591 3228 robis
610 3165 755 3249 epistola,
770 3185 843 3248 quoe
857 3165 942 3227 sicut
957 3186 1024 3227 nou
1039 3164 1141 3231 habet
1154 3163 1235 3229 unde
1278 3173 1281 3178 '

283 3265 410 3348 placeat
428 3286 472 3327 ex
492 3266 541 3328 sui
557 3276 732 3342 venustate,
746 3265 793 3328 sic
814 3286 855 3328 ex
878 3264 1050 3328 devotione
1069 3266 1235 3332 scribentis

284 3387 349 3428 non
380 3366 477 3428 babet
507 3367 594 3430 unde
624 3368 740 3430 debeat
769 3366 952 3450 displicere.
1007 3368 1081 3431 Nec
1111 3367 1234 3432 illorum

283 3467 420 3532 formido
443 3468 615 3553 judicium,
642 3469 699 3553 qui
728 3479 901 3553 antequam
931 3468 1112 3534 exaudiant
1139 3480 1233 3534 teme·

282 3572 396 3636 rariam
411 3573 603 3637 sententiam
619 3573 734 3649 ferunt,
750 3593 789 3633 eo
809 3571 894 3655 quod
911 3570 1045 3635 memini
1061 3570 1232 3655 Scriptura

283 3675 432 3753 dicentis,
453 3674 518 3743 Qut
536 3677 631 3759 prius
649 3674 819 3755 respondet
838 3694 937 3757 quom
957 3672 1078 3736 audiat
1097 3674 1232 3736 stultu

280 3798 314 3840 se
336 3799 402 3842 esre
426 3778 637 3855 demonstrat,
657 3784 689 3839 et
712 3776 899 3856 confusione
922 3774 1070 3856 dianam
1117 3774 1232 3840 Nonne

282 3891 315 3943 et
330 3882 422 3943 vobis
435 3892 546 3944 notum
564 3890 613 3943 est
633 3899 734 3959 genus
752 3877 929 3949 hominum.
950 3896 1032 3960 quos
1053 3874 1233 3942 sunnonis

280 3983 433 4065 parabola
456 3981 568 4062 tangit,
592 4000 737 4043 asserens
763 3978 850 4062 quod
872 3978 988 4041 stultus
1012 3998 1082 4040 non
1104 3976 1233 4061 respicit

280 4082 376 4143 rerba
401 4081 578 4164 prudentis,
603 4080 664 4142 nisi
692 4101 730 4143 ea
760 4078 881 4143 dixeris
909 4100 982 4164 quae
1009 4089 1175 4143 versantur
1198 4078 1229 4140 in

279 4181 375 4246 corde
403 4181 495 4265 ejus?
533 4183 626 4246 Tunc
653 4181 783 4246 demum
809 4182 937 4245 credam
960 4181 1129 4264 parvitatis
1154 4200 1230 4243 meo

278 4283 490 4360 devotionem,
525 4284 750 4367 gloriosissime
787 4305 907 4361 comes,
943 4304 1009 4347 nou
1045 4303 1117 4347 esse
1153 4302 1230 4346 cou-

278 4398 442 4474 temptam,
457 4387 483 4450 si
501 4386 622 4471 aliquid
643 4407 751 4450 eorum
775 4408 847 4470 quae
869 4385 948 4450 mihi
963 4383 1133 4468 possibilis
1145 4393 1229 4460 sunt,
