3034 5500
281 746 388 826 llus]
669 765 846 812 nrrsrorn.
1175 756 1235 815 189

279 917 419 981 transire
435 917 479 981 ad
495 917 627 994 curiam,
644 918 701 982 sed
717 920 793 1003 quia
813 920 854 982 de
867 929 953 983 statu
968 928 1070 981 vestro
1092 920 1234 984 incertus

275 1031 325 1080 est
345 1028 379 1081 et
403 1019 575 1096 sollicitus,
596 1019 699 1083 donec
728 1021 921 1099 certioretur,
946 1020 1032 1084 domi
1057 1034 1233 1104 exspectat.

278 1119 331 1185 Ibi
348 1143 367 1185 a
382 1121 579 1206 quibusdam
603 1143 660 1204 pro
676 1133 763 1184 certo
779 1123 890 1207 accepi
906 1144 1011 1204 regem
1037 1121 1233 1188 Francorum

276 1244 347 1286 esse
375 1224 538 1301 Lauduni,
564 1235 595 1286 et
620 1244 720 1306 prope
746 1245 819 1287 eum
852 1225 1014 1287 dominum
1042 1226 1233 1289 Remensem

276 1323 349 1407 ejus
364 1337 552 1409 exspectare
568 1325 773 1407 colloquium.
801 1327 869 1388 Eos
885 1348 960 1407 ergo
972 1326 1058 1390 adire
1073 1329 1233 1412 proposui.

277 1425 345 1490 Sed
360 1438 492 1510 propter
511 1447 649 1508 guerras,
666 1448 745 1509 quas
760 1448 868 1490 comes
893 1427 933 1490 de
957 1428 1100 1491 Rocceio
1125 1439 1157 1491 et
1178 1430 1233 1493 alii

277 1526 410 1611 quidam
425 1549 573 1611 proceres
589 1527 739 1591 adversus
755 1528 919 1592 dominum
936 1530 1128 1593 Remensem
1141 1553 1231 1594 exer·

277 1631 407 1706 cebant,
429 1650 448 1691 a
470 1631 634 1714 proposito
661 1642 828 1695 revocatus
855 1631 915 1694 iter
940 1631 1080 1693 Parisios
1106 1631 1231 1695 deflexi.

278 1730 347 1793 Ubi
382 1752 480 1815 quum
515 1732 654 1795 viderem
690 1733 876 1796 victualium
913 1733 1053 1816 copiam,
1086 1734 1230 1797 laetitiam

278 1832 403 1916 populi,
428 1834 632 1897 reverentiam
659 1834 747 1906 cleri,
773 1842 806 1895 et
828 1834 926 1897 totius
950 1834 1094 1897 ecclesiae
1121 1835 1234 1919 majes-

277 1945 376 1996 tatem
391 1947 423 1998 et
438 1935 582 2016 gloriam,
595 1945 627 1998 et
645 1936 746 1998 varias
762 1935 990 2018 occupationes
1001 1929 1233 2021 philosophan-

278 2036 357 2100 tium
374 2037 534 2100 admirans
554 2040 641 2101 velut
655 2038 741 2100 illam
761 2038 880 2102 scalam
895 2039 1011 2116 Jacob,
1033 2040 1125 2125 cujus
1148 2061 1234 2102 sum·

277 2139 374 2202 mitas
389 2139 508 2202 coelum
524 2141 685 2222 tangebat,
703 2153 834 2222 eratque
851 2141 900 2203 via
915 2140 1178 2205 adscendentium
1201 2152 1233 2205 et

278 2238 543 2303 descendentium
569 2243 766 2322 angelorum,
788 2242 870 2305 laetae
894 2243 1157 2326 peregrinationis
1180 2267 1232 2307 ur-

276 2354 372 2424 gente
388 2342 519 2405 stimulo
535 2353 666 2406 coactus
679 2365 749 2406 sum
765 2344 918 2427 profiteri,
932 2344 1019 2428 quod
1035 2366 1106 2408 vere
1120 2345 1233 2410 Domi-

276 2464 341 2506 nus
355 2450 403 2507 eet
422 2446 460 2506 in
474 2445 538 2507 loco
559 2448 629 2520 isto,
645 2453 676 2509 et
695 2467 751 2528 epo
765 2448 948 2510 nesciebam,
996 2446 1084 2511 Illud
1106 2472 1241 2543 quoque·

277 2546 440 2630 poeticum
457 2546 497 2610 ad
514 2559 650 2611 mentem
666 2549 777 2612 rediit:

456 2701 534 2756 Felix
546 2701 662 2767 exilium,
674 2702 715 2755 cui
726 2700 798 2754 locus
810 2698 956 2755 iste'datur.

321 2853 473 2918 Evolutis
485 2863 589 2915 autem
603 2852 714 2935 paucis
726 2850 843 2914 diebus
854 2851 886 2912 in
900 2850 1114 2914 conducendo
1125 2852 1232 2935 hospi·

278 2957 335 3029 tio,
349 2966 380 3018 et
396 2954 563 3017 sarcinolis
575 2951 820 3037 componendis,
831 2972 938 3033 regem
950 2952 1144 3015 Francorum
1157 2952 1233 3030 adii,

277 3058 373 3140 eique
384 3077 425 3118 ex
436 3055 548 3118 ordine
558 3055 695 3137 exposui
707 3075 838 3117 causam
848 3064 993 3115 vestram.
1017 3051 1103 3125 Quid
1115 3053 1232 3118 multa?

279 3158 491 3242 compatitur,
506 3154 662 3241 promittit
681 3156 848 3233 auxilium,
864 3165 897 3218 et
912 3175 971 3238 pro
991 3156 1083 3218 vobis
1103 3156 1234 3220 domino

279 3282 374 3344 papae
397 3281 431 3322 se
455 3259 620 3343 scripsisse
643 3259 789 3334 asseruit,
805 3270 836 3320 et
858 3258 984 3334 iterum,
1000 3258 1026 3321 si
1048 3260 1235 3342 oportuerit,

279 3363 482 3445 scripturum,
492 3372 524 3423 et
534 3374 676 3423 acturum
688 3359 775 3441 quod
790 3359 909 3442 poterit
923 3360 994 3421 viva
1008 3381 1096 3424 voce.
1125 3351 1233 3433 Quum

279 3486 354 3527 vero
370 3484 443 3526 eum
456 3484 498 3525 ex
513 3475 602 3545 parte
617 3462 692 3525 filiae
708 3482 786 3535 suae,
799 3483 894 3545 quam
911 3483 1012 3545 nuper
1022 3483 1131 3524 sanam
1147 3463 1234 3526 vide·

279 3587 356 3640 ram,
374 3563 504 3649 quando
519 3586 539 3626 a
554 3562 684 3626 domina
704 3564 814 3645 regina
827 3564 988 3627 licentiam
1013 3566 1135 3647 accepi,
1150 3566 1233 3628 salu-

281 3678 409 3743 tassem,
423 3664 587 3748 respondit
602 3664 664 3726 sibi
680 3663 895 3745 gratissimum
910 3685 989 3739 esse,
1004 3665 1031 3726 si
1044 3665 1100 3727 illa
1109 3664 1177 3748 jam
1193 3666 1234 3727 ab

280 3767 405 3850 angelis
417 3777 546 3848 recepta
558 3776 641 3828 esset
656 3765 690 3827 in
702 3764 864 3827 Paradiso.
896 3764 958 3827 Cui
975 3786 1070 3848 quum
1083 3787 1142 3846 ego
1158 3767 1231 3829 sub·

274 3870 456 3954 jungerem,
472 3867 549 3951 quia
563 3866 649 3930 istud
665 3888 723 3948 per
744 3866 993 3929 misericordiam
1010 3866 1073 3928 Dei
1088 3867 1235 3950 quando-

281 3993 343 4056 que
365 3971 481 4041 veniet‚
498 3967 553 4033 sed
577 3980 650 4031 ante
675 3968 782 4030 multis
797 3968 946 4047 gentibus
968 3968 1111 4031 laetitiam
1134 3970 1236 4045 dabit,

280 4072 448 4158 respoudit
473 4094 550 4135 rex:
586 4071 656 4134 Hoc
682 4070 809 4151 quidem
835 4068 905 4131 Deo
926 4070 1073 4151 possibile
1098 4076 1155 4146 est,
1181 4074 1238 4134 sed

281 4179 374 4256 longe
395 4172 609 4244 verisimilius,
633 4173 720 4253 quod
740 4173 913 4234 multorum
926 4176 1051 4254 facturo
1073 4175 1116 4236 eit
1137 4194 1237 4238 cuusu

281 4281 450 4341 mulorum.
489 4277 555 4341 Sed
568 4276 662 4347 abeat,
679 4273 718 4336 ab
734 4275 792 4335 illu
808 4272 893 4353 quod
908 4279 1068 4354 paternus
1078 4279 1238 4355 proesayit

279 4382 421 4443 unimur.
450 4380 536 4453 Quin
551 4380 607 4440 vir
621 4375 727 4460 inquit
737 4395 838 4457 spero,
856 4379 894 4435 ut
904 4373 943 4435 ab
953 4394 990 4437 eu
1003 4377 1104 4457 possit
1114 4374 1242 4454 aliquid
