3034 5500
429 741 488 798 100
687 752 824 796 scaurus
841 750 1121 795 sanasnaaraa'srs
1286 735 1331 809 [s.
1346 745 1373 796 n.

425 903 563 966 Domino
578 927 682 990 spero,
699 901 771 964 licet
786 901 846 964 boc
863 923 982 964 moram
998 899 1126 976 habeat,
1137 901 1219 986 quia
1234 924 1369 989 compre·

423 1005 581 1069 hendetur
594 1004 626 1069 in
642 1001 794 1089 operibus
810 1023 960 1065 manuum
974 1024 1118 1066 suarum.
1148 1003 1260 1066 Fratri
1275 1017 1372 1068 autem

422 1106 478 1191 qui
502 1129 575 1170 cum
598 1130 635 1170 eo
660 1117 799 1178 venerat,
825 1117 959 1166 eventus
988 1103 1108 1187 negotii
1135 1104 1294 1190 imputari
1316 1129 1370 1171 non

421 1206 529 1285 debet,
551 1211 702 1294 quoniam
726 1227 768 1268 ex
789 1203 1050 1289 contingentibus
1072 1205 1154 1268 nibil
1180 1207 1301 1283 omisit,
1324 1211 1372 1273 sed

421 1311 498 1373 satis
513 1309 680 1394 vigilanter
702 1307 830 1383 institit,
846 1305 946 1370 donec
966 1306 1006 1385 ei,
1021 1321 1154 1392 accepta
1173 1309 1373 1392 corporaliter

422 1410 547 1475 comitis
575 1410 789 1497 responsione,
815 1418 973 1472 constaret
999 1428 1033 1470 se
1060 1407 1184 1472 frustra
1212 1409 1373 1476 laborasse.

424 1512 499 1575 Hoc
517 1513 601 1576 enim
624 1535 644 1575 a
665 1512 747 1575 festo
767 1510 852 1572 beati
874 1509 1015 1593 Remigii
1036 1531 1226 1594 responsum
1250 1515 1372 1598 accepit.

424 1611 754 1690 Exinde,sieutvobis
765 1608 925 1694 scripsisse
936 1631 986 1671 me
996 1609 1372 1697 memini,aliquautulam

417 1734 545 1779 moram
555 1715 685 1790 fecit,ut
695 1710 822 1790 amicos,
831 1731 911 1797 quos
920 1710 1061 1774 nondum
1073 1711 1213 1788 viderat,
1221 1714 1372 1779 visitaret:

425 1816 519 1880 rediit
535 1817 672 1880 tandem.
713 1814 746 1876 Si
766 1812 940 1898 patrocinio
955 1812 1078 1897 indiget
1094 1812 1209 1888 alieno,
1226 1830 1260 1879 et
1274 1838 1373 1880 meum

422 1916 501 2000 quid
517 1929 633 2001 potest,
648 1936 757 1998 quaeso
774 1926 809 1977 ut
827 1934 900 1975 eum
922 1927 1054 1997 paterno
1070 1915 1235 2000 recipiatis
1250 1917 1371 1992 effectu,

424 2013 1374 2100 etestractetismansuetudine‚quammoribusejusnoristis

422 2117 581 2202 expedire.
620 2119 672 2178 An
689 2115 763 2200 plus
778 2137 869 2178 orare
886 2115 989 2192 liceat,
1001 2129 1057 2180 aut
1073 2119 1240 2202 expediat,
1253 2119 1373 2206 plenius

421 2216 529 2282 nostis.
576 2216 647 2280 Scio
668 2216 780 2300 utique
802 2216 880 2300 quia
904 2216 960 2301 qui
984 2239 1040 2280 vos
1063 2217 1257 2283 familiarius
1280 2221 1373 2294 norit,

422 2338 487 2379 rem
503 2317 680 2402 improbam
696 2330 752 2380 aut
769 2329 875 2401 petere
892 2338 954 2379 non
975 2317 1084 2394 audet,
1100 2332 1158 2382 aut
1173 2319 1374 2405 impudenter

421 2421 512 2503 petit.
567 2419 640 2481 Hoc
666 2419 777 2502 itaque
804 2417 893 2480 vobis
918 2419 1076 2483 ascribere
1105 2419 1235 2486 fidelius
1265 2423 1373 2498 ausim,

363 2534 370 2542 '
422 2543 519 2606 quam
552 2520 662 2586 Portio
692 2522 810 2586 Catoni
839 2520 985 2585 familiari
1017 2545 1076 2587 suo
1105 2524 1222 2589 Cicero
1252 2526 1372 2610 pridem

421 2621 610 2708 ascripserit.
636 2621 736 2685 Mitto
746 2620 960 2687 robismunus
971 2624 1373 2707 exiguumeofiducialius,

422 2722 510 2808 quod
525 2723 566 2788 ab
581 2722 715 2809 antiquo
725 2721 822 2786 didici
835 2745 890 2786 vos
905 2723 938 2787 in
954 2723 1072 2788 talibus
1087 2746 1150 2788 non
1167 2739 1233 2792 tam
1247 2752 1373 2815 pensare

424 2827 561 2911 pretium
588 2826 727 2890 muneris
753 2847 850 2911 quam
876 2825 1032 2890 mittentis
1057 2827 1220 2894 affectum.
1266 2832 1373 2898 tamus

423 2940 528 2991 tamen
544 2942 590 2993 est
607 2930 790 3013 acceptione
804 2926 950 3010 dignum,
965 2927 992 2991 si
1007 2939 1113 2993 tamen
1128 2951 1205 2994 cum
1220 2932 1373 2998 mittentis

423 3033 538 3092 affectu
560 3030 748 3111 significatio
769 3029 908 3092 muueris
927 3028 1123 3093 attendatur.
1169 3034 1245 3096 Hoc
1267 3035 1373 3120 utique

425 3150 480 3191 vas
509 3127 657 3192 salarium
687 3142 738 3192 est
767 3143 954 3214 argenteum
987 3152 1096 3195 aureas
1124 3130 1247 3195 habens
1277 3147 1373 3197 uotae.

424 3232 524 3293 Recte
543 3228 686 3314 quidem,
712 3253 750 3292 eo
772 3229 860 3315 quod
886 3232 971 3296 illius
994 3232 1068 3295 salis
1094 3232 1222 3297 habetis
1242 3234 1374 3320 copiam,

422 3325 510 3411 quod
540 3348 579 3389 ex
608 3342 769 3411 praeeepto
794 3328 874 3411 legis
901 3328 1125 3393 sacrificiorum
1156 3346 1206 3395 est
1234 3332 1375 3397 omnium

420 3426 670 3491 condimentum.
695 3427 757 3492 Sed
769 3442 801 3492 et
813 3427 892 3493 illud
906 3430 1045 3493 Domino
1059 3430 1182 3495 offertis
1198 3433 1375 3496 examinato

421 3528 538 3615 eloquii
560 3529 640 3594 casti
660 3543 804 3614 argento,
819 3542 849 3593 et
873 3552 978 3596 aureae
995 3530 1150 3595 virtutum
1175 3533 1332 3618 imagines
1344 3535 1374 3597 in

421 3632 550 3718 speculo
572 3630 662 3695 verbi
681 3646 713 3695 et
733 3631 838 3716 operis
860 3631 1004 3696 renident
1028 3633 1239 3710 intuentibus,
1262 3658 1376 3721 eosque

420 3745 606 3818 provocant,
621 3744 657 3796 ut
671 3732 848 3795 imitatione
864 3732 1023 3796 virtutum
1044 3734 1168 3819 possint
1182 3756 1252 3799 esse
1268 3757 1374 3821 specu-

419 3833 488 3896 lum
513 3832 658 3897 aliorum.
714 3832 779 3898 Sed
804 3848 835 3895 et
861 3830 931 3917 ipsa
956 3834 1138 3898 rotunditas
1163 3834 1279 3902 formoe
1307 3858 1376 3901 oon-

420 3934 508 4017 gruit
524 3933 710 4017 perfectioni
726 3946 850 3996 vestrae.
874 3934 984 3998 Nostis
999 3946 1105 3998 autem
1122 3936 1203 4021 quia
1218 3960 1374 4002 sacrarum

420 4051 527 4092 rerum
557 4030 647 4111 signa
672 4029 862 4093 venerabilia
888 4043 963 4094 sunt
990 4044 1022 4095 et
1047 4031 1078 4093 in
1106 4034 1243 4097 materia
1266 4034 1373 4099 viliori

415 4131 495 4215 'Ego
515 4144 621 4194 autem
644 4130 781 4194 arbitror
803 4131 889 4215 quod
913 4146 945 4195 et
967 4132 994 4195 si
1017 4154 1134 4197 munus
1148 4134 1317 4201 vilesceret
1333 4136 1372 4198 ab

420 4231 627 4297 aestimatione
637 4231 697 4308 sui,
707 4231 906 4297 convalescet
917 4247 1022 4297 tamen
1033 4234 1139 4317 gratia
1148 4236 1233 4322 ejus,
1244 4236 1373 4325 eoquod

420 4356 520 4400 meam
536 4332 697 4396 caritatem
714 4343 746 4396 et
763 4347 899 4398 vestram
915 4357 987 4397 cum
1009 4334 1168 4420 sapientia
1183 4337 1371 4423 significant,
