3034 5500
296 745 497 825 llas—st]
705 762 883 807 narsroma.
1190 748 1243 805 151

289 936 407 998 regem,
424 935 546 978 moram
570 911 670 988 vobis,
692 925 724 976 et
745 912 894 985 reditum,
910 913 936 974 si
958 909 1146 996 expedierit,
1162 934 1243 997 prae·

289 1014 445 1098 paraturi.
493 1015 526 1078 Si
543 1036 620 1099 ergo
634 1012 769 1097 diligitis
787 1012 947 1077 ecclesiam
971 1026 1119 1089 vestram,
1135 1012 1161 1074 si
1176 1013 1244 1077 ani·

288 1135 370 1177 mam
389 1128 541 1191 vestram,
557 1114 655 1177 immo
670 1115 746 1198 quia
763 1126 934 1199 utramque
954 1112 1099 1197 diligitis,
1115 1128 1244 1199 accepta

286 1219 532 1301 opportunitate
555 1216 655 1280 redire
680 1239 740 1279 non
771 1215 945 1289 differatis,
961 1236 1009 1294 ne,
1037 1215 1125 1299 quod
1147 1216 1240 1291 absit,

286 1318 373 1404 quod
387 1341 473 1404 soepe
485 1318 635 1394 diximus,
652 1320 728 1382 fiant
743 1318 934 1383 conditionis
952 1332 1062 1380 vestrae
1075 1318 1242 1382 novissima

285 1440 412 1504 semper
426 1418 586 1483 deteriora
602 1418 773 1503 prioribus.
798 1418 968 1482 Potestatis
980 1419 1062 1481 enim
1074 1441 1093 1480 a
1104 1420 1242 1483 Domino

285 1519 470 1584 constituta
485 1520 703 1604 geminabitur
717 1519 906 1605 indignatio,
924 1521 948 1582 si
973 1533 1148 1602 porrectam
1170 1542 1242 1603 gra·

286 1620 362 1685 tiam
379 1622 540 1685 contemni
556 1620 767 1707 praesenserit.

361 1793 588 1857 EP1sTOLa
612 1793 779 1857 CIL-an
794 1811 1024 1856 anaxasoaun
1042 1813 1160 1855 aaran.

526 1927 666 1990 Domino
685 1928 783 2009 Papae
799 1927 994 1990 Ateaandro.

327 2044 549 2109 Ssucrrrnrrs
565 2059 679 2109 vestrae
700 2044 886 2107 mandatum
907 2043 1017 2108 debita
1040 2050 1238 2111 veneratione

282 2144 503 2230 suscipientes,
531 2143 742 2208 creditoribus
764 2143 876 2208 vestris
896 2144 1117 2222 satisfecimus,
1135 2150 1237 2230 parati

282 2266 408 2330 semper
431 2245 614 2328 apostolicis
635 2245 765 2309 obedire
788 2245 957 2324 mandatis,
972 2245 1025 2308 sed
1042 2248 1238 2332 apostolatus

283 2347 381 2409 vestri
392 2361 534 2432 tempore
543 2346 743 2431 paratissimi.
791 2347 820 2408 N
823 2370 857 2410 os
868 2347 984 2410 etenim
997 2371 1052 2432 per
1064 2348 1238 2411 misericor-

283 2447 371 2511 diam
394 2449 524 2513 Domini
539 2472 558 2512 a
574 2448 637 2512 fide
658 2450 812 2512 Romanas
831 2449 980 2528 ecclesiae,
994 2449 1034 2511 ab
1048 2450 1238 2514 obedientie

283 2547 456 2625 famulatu,
472 2571 535 2612 non
550 2572 668 2626 carcer,
683 2572 744 2612 non
757 2550 892 2634 gladius,
909 2572 981 2625 non,
994 2550 1020 2613 si
1035 2573 1099 2635 qna
1109 2554 1238 2636 gravior

282 2665 331 2716 est
362 2654 552 2736 persecutio,
588 2652 768 2737 separabit:
803 2652 978 2736 praesertim
1012 2675 1112 2736 quum
1144 2652 1237 2716 illum

283 2753 449 2817 videamus
464 2754 496 2816 in
514 2755 629 2818 throno
645 2755 730 2819 Petri
748 2768 943 2838 regnantem,
958 2777 977 2815 a
993 2777 1058 2837 quo
1073 2753 1237 2817 doloribus

283 2854 400 2919 nostris
421 2855 567 2919 solatium
592 2869 809 2942 expectamus.
856 2856 963 2918 Multa
977 2853 1133 2938 siquidem
1150 2872 1236 2930 sunt,

281 2971 313 3020 et
329 2956 397 3020 fere
419 2955 642 3041 importabilia,
665 2982 739 3043 quae
756 2980 815 3043 pro
835 2955 930 3019 domo
946 2954 1074 3019 Domini
1091 2954 1235 3029 libenter,

282 3080 387 3146 quum
410 3058 455 3123 ita
477 3073 622 3145 oporteat
645 3060 724 3139 fieri,
740 3059 944 3134 sustinemus,
967 3071 999 3122 et
1021 3070 1103 3120 certe
1118 3056 1238 3140 majora

282 3182 380 3246 quam
410 3181 485 3245 quae
514 3161 632 3247 scripto
660 3160 817 3225 committi
846 3157 1005 3245 expediat.
1067 3161 1237 3244 Speremus

280 3275 389 3326 autem
407 3260 492 3346 quod
515 3284 552 3324 ea
572 3262 602 3324 in
627 3262 715 3325 brevi
738 3275 867 3325 auctore
890 3261 1028 3325 Domino
1050 3258 1236 3324 inauribus

281 3363 393 3427 restris
422 3362 620 3426 commodius
650 3377 822 3448 praesentes
851 3385 1058 3447 exponemus,
1087 3385 1125 3425 eo
1146 3362 1236 3448 quod

280 3486 337 3528 vos
352 3462 393 3527 ad
419 3461 600 3527 Galliarum
623 3476 730 3548 partes
752 3462 953 3542 descendere,
976 3468 1061 3530 sama
1082 3465 1148 3528 fere
1169 3488 1235 3529 om-

280 3565 368 3631 nium
398 3587 537 3629 consona
559 3587 634 3628 voce
656 3564 865 3629 concelebrat.
913 3567 1136 3654 supplicamus
1158 3590 1234 3653 ergo

280 3667 440 3754 majestati
457 3681 579 3741 vestrae,
596 3681 632 3731 ut
648 3689 706 3731 nos
720 3666 761 3732 de
783 3667 923 3732 adventu
946 3683 1061 3746 vestro,
1077 3669 1103 3732 si
1119 3673 1234 3754 placet,

279 3767 455 3855 dignemini
465 3768 931 3855 praemunire,quopaternitati
944 3785 1069 3846 vestrae,
1084 3784 1119 3834 ut
1130 3770 1233 3847 decet,

278 3870 460 3958 promptius
475 3892 688 3945 occurramus,
704 3882 736 3932 et
751 3868 1017 3937 desideratissimo
1027 3872 1236 3936 beatitudinis

279 3986 391 4037 restrae
407 3973 478 4036 visu
502 3984 535 4035 et
557 3971 699 4055 alloquio
721 3971 816 4034 citius
837 3973 1045 4056 gaudeamus.
1092 3975 1235 4054 lnterim,

276 4089 365 4163 pater
388 4073 586 4151 dulcissime,
609 4097 665 4136 nos
687 4076 878 4158 scriptorum
902 4091 1077 4140 vestrorum
1109 4075 1233 4151 solatio,

275 4191 306 4241 et
328 4172 530 4262 Apostolicae
553 4172 750 4237 salutationis
774 4173 924 4237 beneficio
954 4176 1092 4259 petimus
1115 4178 1244 4258 saepius,

280 4278 413 4356 visitari,
436 4297 476 4337 ne
492 4273 536 4358 pii
559 4271 707 4336 desiderii
731 4274 830 4337 nostri
845 4273 967 4354 dilatio,
990 4290 1046 4339 aut
1069 4276 1233 4339 servitutis

279 4395 394 4446 nostrae
410 4383 644 4459 contemptum,
659 4390 715 4438 aut
730 4374 891 4438 defectum
908 4376 1021 4458 gratiae
1036 4387 1160 4453 vestrae,
1176 4388 1233 4438 arat
