3034 5500
307 758 481 837 nso-s]
689 780 865 825 aersronn.
1238 774 1257 828 ὁ

299 941 327 990 et
342 927 477 1004 tradita,
494 943 528 992 ct
552 929 691 994 chartam
708 929 888 994 donationis
903 931 1042 1016 episcopi
1059 932 1253 1016 proferebat.

297 1029 458 1093 Praetcrea
487 1029 616 1096 dicebat
646 1029 733 1095 litem
768 1031 828 1096 sibi
866 1030 1029 1095 imminere
1066 1055 1161 1118 super
1191 1033 1254 1099 alia

294 1127 423 1192 ecclesia
445 1131 489 1194 ab
511 1130 622 1194 eodem
649 1131 800 1209 Ricardo,
815 1132 873 1217 qui
896 1144 960 1195 tam
982 1132 1133 1219 episcopo
1153 1157 1251 1219 quam

293 1229 518 1294 archidiacono
534 1232 698 1317 synodalia
710 1246 741 1297 et
754 1233 909 1318 quosdam
923 1232 1046 1298 reditus
1058 1224 1266 1320 episcopales

293 1329 487 1395 moliebatur
502 1331 645 1395 auferre:
671 1345 703 1396 et
719 1332 761 1396 ob
777 1332 838 1395 hoc
852 1333 958 1419 ipsum
982 1334 1022 1397 ad
1046 1334 1151 1398 sedem
1175 1359 1252 1422 apo-

291 1430 434 1495 stolicam
458 1430 645 1518 appellavit,
667 1432 750 1495 diem
776 1433 945 1519 praefigens
966 1448 1115 1499 octavum
1132 1459 1150 1499 a
1165 1438 1250 1503 festo

290 1527 373 1594 beati
397 1531 548 1598 Andreae.
577 1537 606 1598 E
628 1542 738 1598 contra
758 1533 825 1618 jam
854 1534 960 1600 dictus
986 1536 1143 1603 Ricardus
1166 1561 1248 1624 prae·

288 1631 440 1711 bendam,
467 1655 566 1719 quam
597 1655 680 1698 nunc
714 1635 941 1712 calumniatur,
974 1634 1005 1699 in
1037 1659 1133 1701 manu
1166 1640 1247 1724 epis·

289 1737 359 1823 copi
399 1738 558 1802 refutasse
596 1736 776 1824 respondit,
818 1738 988 1824 ipsumque
1029 1737 1070 1801 ad
1111 1741 1247 1805 eundem

289 1836 463 1904 terminum
491 1840 532 1905 ad
559 1855 695 1905 vestram
724 1838 920 1905 audientiam
948 1841 1120 1928 appellavit
1152 1865 1249 1931 super

289 1941 494 2024 pactionibus
510 1939 643 2020 illicitis,
658 1955 691 2007 et
707 1943 790 2006 male
805 1943 962 2028 acquisito
977 1941 1247 2023 archidiaconatu,

287 2055 318 2106 et
338 2063 436 2127 anper
451 2044 589 2108 introitu
606 2065 702 2130 quem
724 2048 758 2109 in
779 2043 941 2108 ecclesiam
965 2045 1004 2109 de
1030 2044 1172 2111 Haltona
1188 2068 1246 2131 per

287 2166 416 2208 manum
455 2146 570 2210 laicam
609 2145 731 2212 dicitur
775 2144 933 2209 habuisse.
993 2144 1244 2211 Archidiaconus

286 2258 391 2310 tamen
423 2270 524 2334 snper
555 2246 698 2332 ejusdem
729 2245 899 2311 donatione
929 2247 1071 2312 ecclesias
1100 2248 1243 2314 chartam

284 2347 424 2434 episcopi
442 2349 641 2433 proferebat.
690 2346 787 2412 Vobis
808 2347 918 2431 itaque
937 2371 1064 2413 causam
1085 2348 1241 2434 integram

285 2449 533 2514 reservavimus.
981 2446 987 2456 ’

492 2684 713 2748 EPISTOLA
738 2686 867 2747 V.—an
882 2705 1036 2750 nuunnu.

553 2822 695 2884 Domino
705 2842 804 2904 papo
821 2822 976 2883 Adriano.

323 2953 618 3016 Srcrunnsrante
628 2965 768 3016 nostram
782 2949 983 3037 praesentiam
997 2950 1112 3016 latores
1124 2951 1237 3015 horum

283 3056 334 3119 W.
365 3065 397 3116 et
435 3050 487 3126 R,
518 3073 655 3137 quorum
687 3055 730 3117 R.
761 3054 968 3139 querebatur,
1000 3053 1086 3138 quod
1122 3067 1240 3119 temere

282 3155 333 3217 W.
357 3177 390 3216 se
421 3151 463 3215 ab
489 3151 621 3217 ecclesia
651 3175 709 3217 sua
736 3154 890 3217 violenter
915 3170 946 3219 et
971 3154 1093 3240 absque
1125 3155 1237 3220 ordine

275 3253 447 3338 judiciario
459 3256 646 3341 expulisset,
660 3279 717 3341 per
729 3269 932 3342 potentatum
946 3255 1072 3322 comitis
1084 3257 1235 3334 Simonis,

280 3355 311 3417 in
327 3358 422 3441 cujus
438 3357 621 3422 ulteriorem
645 3356 893 3421 familiaritatem
916 3360 957 3422 R.
980 3357 1147 3424 dicebatur
1162 3384 1235 3447 pro-

280 3471 395 3533 motus,
421 3479 525 3545 neque
550 3458 608 3521 hac
631 3457 802 3544 iniquitate
828 3472 1007 3537 contentus,
1033 3462 1234 3545 postmodum

278 3580 335 3641 per
350 3557 540 3623 temeritatis
556 3580 622 3622 suae
637 3557 776 3623 fautores
791 3560 928 3622 eundem
950 3561 1175 3648 presbyterum
1199 3564 1233 3627 in

277 3658 407 3725 alterius
438 3660 581 3724 ccclesioe
611 3684 677 3724 suae
707 3661 893 3725 coemeterio
918 3661 1043 3726 invasit.
1099 3663 1234 3730 Eductis

277 3759 386 3848 itaque
401 3760 558 3827 sociorum
572 3761 700 3846 gladiis,
717 3764 878 3849 tensisque
902 3765 1040 3828 arcubus
1055 3780 1087 3831 et
1104 3770 1233 3852 paratis,

276 3860 409 3949 ipsemet
438 3864 470 3927 in
497 3886 595 3928 manu
619 3866 759 3929 lanceam
788 3877 915 3949 gestans
941 3888 1048 3929 necem
1075 3884 1232 3934 maturam

276 3967 544 4048 comminabatur,
559 3966 619 4030 nisi
642 3966 852 4033 incontinenti
875 3967 970 4033 fidem
992 3968 1083 4035 daret
1105 3992 1138 4034 se
1159 3983 1233 4036 ante

276 4070 536 4134 archidiaconum
555 4082 737 4147 venturum,
753 4068 862 4155 ibique
886 4084 1070 4135 memoratae
1092 4071 1233 4138 ecclesiae

275 4172 552 4238 renunciaturum.
597 4174 793 4238 Sacramenti
810 4172 920 4258 itaque
933 4173 1108 4237 reverentia
1124 4190 1233 4240 tentus

276 4298 330 4340 nec
353 4298 417 4340 non
442 4286 475 4338 et
498 4273 733 4359 impressionem
757 4273 928 4339 adversarii
955 4273 1104 4359 potentis,
1134 4297 1229 4363 quem

274 4366 335 4442 nori
359 4388 489 4463 poterat
512 4373 571 4439 nisi
595 4398 665 4440 oum
688 4377 791 4461 patria
810 4376 962 4459 effugere,
978 4384 1133 4453 metuens,
1149 4379 1232 4440 sicut
