3034 5500
297 735 494 816 itta-60]
678 753 857 800 nvrsronn.
1208 744 1250 801 rt

294 924 368 987 pars
399 904 527 992 culpam
559 904 701 970 refundit
729 905 762 968 in
791 904 940 970 alteram:
971 926 1010 968 ne
1035 916 1103 969 tum
1131 907 1249 972 veritas

291 1003 463 1082 elucescat,
485 1029 562 1093 pars
584 1006 709 1072 abbatis
733 1006 861 1071 videtur
886 1005 1049 1092 impedire.
1096 1008 1176 1073 Inde
1199 1023 1248 1074 est

292 1105 381 1193 quod
400 1107 604 1174 unanimitati
621 1122 732 1174 vestrae
753 1109 968 1195 supplicamus
990 1108 1021 1172 in
1044 1109 1194 1186 Domino,
1211 1123 1247 1176 ut

292 1209 409 1274 nostris
436 1209 600 1275 laboribus
626 1232 708 1275 nunc
734 1209 862 1274 demum
891 1210 984 1273 finem
1010 1209 1192 1296 imponatis,
1214 1224 1247 1276 et

292 1322 348 1374 aut
362 1333 471 1396 pacem
497 1310 677 1375 reformetis
696 1311 847 1388 ecclesioe,
865 1311 892 1373 si
915 1323 1020 1375 tamen
1044 1309 1112 1375 fieri
1132 1325 1248 1398 potest,

292 1411 439 1496 partibus
453 1411 740 1488 commanentibus,
755 1424 812 1475 aut
829 1410 860 1475 in
877 1412 979 1476 securi
995 1413 1133 1499 justitioe
1148 1416 1248 1479 succi-

292 1512 376 1579 datis
391 1513 528 1579 radicem
545 1513 678 1591 arboris,
689 1537 763 1601 quae
775 1512 1004 1579 dissentionum
1020 1529 1052 1580 et
1063 1517 1247 1601 jurgiorum

292 1612 417 1680 fructus
445 1614 658 1682 amarissimos
687 1615 774 1681 facit.
822 1614 934 1678 Valeat
964 1638 1089 1701 semper
1118 1616 1247 1683 dilectio

295 1729 411 1797 vestra,
426 1739 547 1781 memor
567 1716 666 1781 nostri
686 1715 717 1779 iu
739 1714 937 1780 orationibus
957 1714 1023 1781 suis
1042 1714 1130 1803 apud
1149 1716 1247 1782 Altis·

301 1838 426 1882 simum.

450 2122 687 2190 EPISTOLA
712 2121 932 2189 XLlV.-an
950 2141 1078 2188 annau.

541 2276 683 2340 Domino
697 2276 779 2358 Κεφ·
793 2274 982 2359 duplorum.

331 2424 412 2490 lina
434 2439 482 2490 est
506 2447 676 2511 regnorum
704 2449 780 2490 vera
800 2448 876 2513 pax,
899 2441 932 2492 et
955 2448 1078 2512 semper
1099 2424 1242 2512 optanda

288 2525 512 2613 tranquillitas,
528 2550 629 2613 quum
646 2529 678 2592 in
694 2528 758 2592 fide
773 2541 805 2593 et
821 2528 990 2594 dilectione
1005 2528 1064 2593 sibi
1079 2529 1238 2593 cohaerent

287 2627 427 2692 membra
438 2627 588 2705 ecclesiae,
600 2641 632 2694 et
644 2628 863 2694 sacerdotibus
877 2628 1017 2694 debitam
1031 2628 1237 2693 reverentiam

286 2728 455 2817 principes,
466 2743 498 2797 et
509 2730 707 2819 principibus
721 2730 826 2819 plenae
840 2730 1004 2797 fidelitatis
1018 2728 1169 2795 exhibent
1181 2729 1239 2794 ob·

286 2833 432 2920 sequium
456 2831 645 2897 sacerdotes.
692 2834 726 2897 Si
742 2855 818 2895 vero
839 2832 905 2895 suis
924 2832 956 2896 in
978 2854 1010 2895 se
1030 2828 1239 2894 facultatibus

283 2934 490 3010 collidantur,
502 2948 567 2998 tam
583 2933 743 3014 secularis,
754 2954 853 3018 quam
869 2931 1087 2997 ecclesiasticae
1102 2941 1239 3017 potesta-

283 3038 325 3102 tis
348 3036 557 3100 enervabitur
580 3036 683 3122 vigor,
709 3035 787 3121 quia
808 3034 907 3119 juxta
932 3054 1041 3096 vocem
1069 3031 1236 3109 Altissimi,

283 3138 312 3202 iu
325 3160 358 3202 se
368 3137 508 3202 divisum
521 3159 653 3223 regnum
666 3134 835 3223 quodlibet
847 3133 1020 3199 desolatur.
1050 3137 1119 3200 Nos
1129 3148 1236 3198 autern

281 3263 416 3329 semper,
432 3241 571 3306 maxime
587 3238 785 3324 temporibus
799 3241 923 3314 vestris,
939 3230 1015 3302 buic
1031 3236 1145 3302 unitati
1161 3259 1235 3301 con-

281 3343 428 3409 ciliandae
438 3356 470 3408 et
483 3342 647 3408 servandae
662 3340 911 3428 invigilavimus,
920 3354 953 3406 et
964 3341 1105 3426 corporis
1116 3361 1237 3404 rerum-

281 3470 344 3533 que
362 3444 531 3532 dispendia
550 3444 697 3520 fecimus,
712 3457 749 3509 ut
770 3444 802 3507 in
828 3465 926 3508 unum
947 3441 1022 3507 fidei
1042 3454 1074 3506 et
1097 3441 1236 3508 caritatis

280 3547 331 3611 lroe
345 3559 569 3611 concurrerent
586 3553 778 3631 potestates,
804 3557 848 3625 et,
862 3542 1002 3609 Domino
1016 3542 1147 3628 quidem
1162 3565 1236 3607 auc-

279 3660 359 3726 tore,
383 3647 446 3715 huc
470 3670 569 3733 usque
591 3645 796 3733 profecimus,
819 3644 873 3711 sed
898 3644 993 3709 modo
1018 3665 1181 3707 versamur
1203 3644 1234 3708 in

277 3748 386 3814 labore
408 3762 442 3814 et
463 3747 604 3834 periculo
625 3747 776 3832 graviori.
822 3746 965 3810 Scissura
990 3746 1073 3810 enim
1096 3744 1235 3810 ecclesiae

278 3856 434 3918 Romanae
446 3851 597 3916 novitatis
607 3850 739 3915 suscitat
755 3861 923 3926 amatores,
934 3860 966 3911 et
979 3847 1235 3934 praesumptioni-

276 3955 338 4020 bus
353 3955 486 4021 multam
503 3953 592 4018 dedit
607 3953 783 4017 audaciam.
823 3948 989 4034 Siquidem
1005 3947 1059 4012 alii
1074 3948 1161 4035 apud
1178 3971 1235 4013 nos

276 4055 511 4133 Alexandrum,
531 4053 585 4117 alii
608 4053 782 4139 disponunt
802 4064 835 4117 et
855 4050 943 4115 adire
964 4061 995 4114 et
1014 4049 1143 4114 visitare
1165 4050 1236 4115 Vic-

276 4173 389 4225 torem.
421 4158 524 4223 Nobis
538 4170 644 4221 autem
657 4157 813 4220 incertum
830 4166 878 4218 est
893 4154 967 4239 quis
980 4174 1091 4216 eorum
1106 4174 1233 4216 cauum

275 4259 393 4326 lrabeat
410 4259 565 4346 potiorem
582 4279 638 4321 nec
653 4277 822 4343 possumus
837 4277 901 4333 eos,
915 4257 972 4340 qui
988 4252 1028 4317 ad
1044 4252 1233 4317 alterutrum

274 4362 457 4427 inconsulta
480 4358 609 4425 levitate
632 4358 769 4431 evolant,
791 4356 982 4420 auctoritate
1007 4367 1112 4419 vestra
1135 4353 1235 4437 repri-
