3034 5500
419 737 479 794 lot
685 749 823 793 ronanus
839 748 1101 794 sunusnururnsr
1275 734 1319 814 [a.
1336 753 1362 798 o.

417 899 602 984 petitionem
629 900 720 972 hanc,
748 899 774 961 si
800 897 859 961 hoc
885 912 991 962 tamen
1017 899 1172 963 auderem
1201 900 1363 986 postulare,

413 999 547 1063 dominis
567 1002 644 1064 meis
663 999 878 1063 cardinalibus
899 1022 954 1085 per
976 1021 1105 1063 manum
1129 1017 1269 1066 vestram
1289 1003 1362 1066 desi·

410 1101 488 1165 dero
503 1101 699 1187 praesentari,
708 1115 741 1166 et
756 1124 905 1187 responsa
918 1125 1027 1165 eorum
1045 1104 1240 1188 perlitteras
1255 1118 1362 1170 restrae

409 1204 558 1288 recipere.

452 1305 595 1370 Celebris
617 1307 702 1369 lama
724 1319 772 1369 est
795 1304 958 1369 dominum
980 1329 1096 1391 papam
1119 1306 1162 1370 ad
1188 1306 1356 1373 Galliarum

407 1407 486 1471 fines
505 1408 663 1471 accedere.
709 1407 757 1471 Ut
779 1429 855 1491 ergo
878 1408 1058 1492 promptius
1080 1406 1128 1470 illi
1152 1422 1185 1471 et
1211 1410 1301 1473 robis
1317 1435 1360 1473 oc·

407 1533 584 1586 curramus,
601 1533 651 1573 me
665 1533 722 1596 per
739 1508 869 1573 latorem
892 1509 1111 1594 praesentium,
1128 1512 1154 1574 si
1177 1513 1295 1596 placet,
1313 1513 1360 1574 rd-

406 1611 509 1676 hibita
527 1611 687 1678 celeritate
712 1622 913 1697 praeruonete.
959 1613 1052 1675 Vivat
1078 1627 1111 1676 et
1135 1611 1245 1678 valeat
1265 1627 1359 1700 pater·

408 1714 491 1778 nitas
507 1729 620 1796 restra,
636 1737 754 1779 memor
770 1714 830 1777 mei
847 1713 877 1777 in
893 1714 1092 1779 orationibus
1108 1715 1188 1780 auis.

556 2041 778 2103 EPISTOLA
803 2040 979 2103 CIR-nn
993 2058 1213 2103 cenomanos.

572 2194 696 2258 Joanm'
710 2197 799 2261 Scor.
816 2205 847 2260 et
861 2200 962 2261 Joan.
978 2198 1078 2262 Paul.
1098 2199 1200 2262 Cord.

448 2327 501 2392 Aa
530 2326 658 2391 ineunte
693 2338 786 2390 aetate
820 2326 989 2414 amplexus
1024 2327 1256 2407 obedientiam,
1285 2330 1354 2394 nihil

404 2429 520 2494 exinde
534 2428 561 2491 ei
578 2426 719 2512 pratuli,
739 2449 800 2512 pro
822 2451 888 2513 qua
910 2428 952 2491 ab
972 2427 1064 2491 initio
1086 2428 1239 2495 universa
1259 2431 1355 2497 omnia

402 2531 526 2617 reliqui.
572 2531 680 2607 Quum
709 2552 785 2592 vero
807 2529 926 2616 placuit
953 2530 982 2594 ei
1005 2529 1062 2615 qui
1088 2554 1139 2593 me
1165 2534 1302 2608 vocavit,
1323 2548 1354 2596 ut

401 2654 537 2719 puerum
561 2653 654 2697 suum
679 2630 901 2696 cantuariensi
921 2631 1059 2695 ecclesiae
1081 2632 1272 2717 praeflceret,
1289 2633 1354 2698 licet

402 2735 584 2822 iudignum,
606 2733 684 2797 nihil
708 2746 818 2820 postea
840 2728 947 2820 potius
969 2732 1103 2812 credidi,
1125 2757 1225 2819 quam
1249 2750 1286 2799 ut
1309 2759 1355 2799 me

402 2852 520 2903 sanctae
535 2838 674 2903 ecclesiae
689 2840 841 2900 Romanae
858 2848 923 2899 tota
940 2835 1109 2899 devotione
1125 2836 1353 2913 submitterem,

401 2954 434 3005 et
454 2942 482 3004 ei
504 2939 692 3005 famulatum
716 2962 775 3024 pro
796 2938 917 3002 viribus
938 2960 1062 3023 semper
1082 2940 1353 3024 promptissimum

401 3042 594 3106 exhiberem.
625 3041 710 3103 Mihi
724 3039 935 3125 voluptaserit
947 3056 979 3102 et
990 3038 1216 3122 gloriameam
1226 3041 1354 3126 singulis

399 3144 502 3221 annia,
523 3158 579 3205 out
604 3141 720 3227 saepius
746 3140 946 3204 devotionem
974 3140 1040 3204 sedi
1065 3141 1251 3226 apostolicae
1277 3166 1354 3229 proe·

400 3256 532 3306 aeotare.
576 3242 679 3306 Miror
693 3256 800 3305 autem
817 3256 847 3305 et
863 3240 1033 3305 admodum
1050 3241 1153 3316 doleo,
1172 3244 1261 3327 quod
1277 3267 1352 3330 quo-

399 3342 544 3406 rumdam
560 3342 762 3406 dominorum
779 3364 920 3407 meorum
939 3342 1148 3408 cardinalium
1165 3344 1247 3409 citra
1262 3347 1351 3409 meri·

399 3458 466 3509 tum
478 3465 584 3507 meum
598 3445 630 3508 in
644 3467 693 3507 me
703 3444 868 3510 incanduit
880 3445 1067 3531 indignatio.
1093 3446 1178 3509 Mihi
1192 3446 1350 3533 siquidem

397 3546 430 3610 io
453 3546 541 3610 nullo
563 3548 708 3611 conscius
730 3568 819 3609 sum:
852 3569 963 3610 rerum
986 3550 1012 3611 si
1032 3546 1168 3632 deliqui,
1189 3548 1351 3612 humiliter

398 3648 639 3713 satisfacientem
656 3648 828 3713 admittant
847 3648 887 3724 od
902 3649 1055 3731 gratiam:
1087 3650 1113 3711 si
1134 3671 1197 3712 non
1219 3649 1350 3736 deliqui,

396 3751 610 3816 misericordia
636 3765 667 3816 et
689 3753 781 3836 justo
807 3751 936 3815 Domini
961 3752 1191 3816 interveniente
1215 3751 1348 3835 judicio,

396 3854 476 3918 bene
491 3877 614 3940 semper
629 3852 668 3916 de
683 3867 798 3917 caetero
814 3867 1044 3936 promerentem
1062 3852 1203 3916 fraterna
1218 3854 1348 3917 caritate

396 3957 561 4042 recipiant,
591 3972 622 4021 et
652 3978 672 4019 a
704 3954 921 4041 persecutione
957 3968 1125 4029 cessantes,
1155 3957 1256 4020 nostri
1286 3977 1345 4018 non

396 4059 555 4122 declinent
580 4057 755 4123 famulatus
780 4056 943 4142 obsequia.
989 4060 1108 4121 Nostra
1138 4055 1207 4119 lraec
1237 4055 1345 4143 petitio

396 4164 507 4224 restris
533 4161 680 4225 manibus
703 4174 938 4243 promoveatur,
960 4158 1037 4243 quia
1064 4158 1249 4223 nuntiorum
1277 4179 1341 4221 noa·

394 4275 516 4324 trorum
530 4262 696 4347 praesentia
707 4261 813 4323 minus
825 4261 904 4323 bene
915 4269 1040 4345 recepta
1051 4273 1098 4324 est
1108 4283 1127 4322 a
1141 4257 1340 4344 quibusdam.

394 4360 510 4427 Sinceri
527 4364 642 4427 amoris
657 4384 766 4425 secura
781 4375 828 4425 est
845 4362 967 4445 petitio.
