3034 5500
278 759 481 840 llos-ot]
672 778 850 826 umsronn.
1181 772 1236 831 171

274 952 400 996 summa
414 928 620 1005 difficultate,
636 930 667 994 in
689 952 786 994 manu
811 931 931 1012 valida,
946 946 978 998 et
1002 956 1076 1000 oum
1093 935 1240 1021 indigna-

276 1034 361 1097 tione
377 1032 479 1118 regis‚
495 1046 527 1097 et
542 1032 684 1097 omnium
707 1055 887 1119 procerum,
899 1034 1089 1121 jamdictam
1111 1061 1240 1103 causam

277 1133 316 1198 ad
331 1156 470 1199 examen
487 1132 735 1199 ecclesiasticum
757 1137 987 1203 revocavimus.
1035 1140 1145 1216 Quum
1161 1162 1240 1225 ergo

277 1236 567 1303 intervenientibus
583 1236 694 1300 multis
708 1235 915 1304 dilationibus
929 1242 1066 1326 quaestio
1080 1265 1120 1305 ex
1136 1265 1241 1306 neces·

279 1340 372 1404 sitate
389 1349 554 1425 protracta
575 1350 667 1413 esset,
683 1351 716 1402 et
736 1352 835 1421 actor,
859 1343 890 1405 S.
913 1342 1042 1418 scilicet,
1064 1344 1240 1409 secundum

281 1439 498 1505 subtilitatem
527 1440 634 1525 legum
653 1452 698 1507 .et
726 1463 885 1506 canonum
912 1443 1147 1508 accusationem
1177 1467 1239 1509 non

280 1555 388 1630 posset
402 1543 549 1629 implere,
572 1540 725 1629 inspectis
745 1543 842 1606 sacris
857 1545 1029 1609 canonibus
1044 1544 1085 1607 de
1107 1547 1239 1610 consilio

279 1644 510 1710 venerabilium
518 1646 652 1710 fratrum
662 1655 843 1709 nostrorum
852 1644 984 1710 Ricardi
994 1646 1240 1725 Londonieusis,

283 1745 399 1810 Hilarii
411 1747 629 1825 Cicestrensis,
638 1745 737 1812 Jocel.
750 1746 1008 1824 saresberiensis,
1018 1749 1158 1812 Roberti
1171 1750 1239 1813 Ex-

281 1848 420 1912 oniensis
442 1849 676 1935 episcoporum,
697 1860 729 1912 et
742 1848 878 1912 aliorum
903 1850 1082 1936 sapientum
1103 1850 1161 1935 qui
1183 1849 1240 1912 ad-

282 1963 385 2028 erant,
409 1951 486 2037 quia
510 1952 641 2017 verbum
665 1951 753 2015 istud
780 1974 838 2038 per
858 1963 957 2016 totam
979 1952 1114 2017 insulam
1135 1950 1242 2019 divul-

282 2053 434 2136 gabatur,
460 2053 617 2139 jamdicto
646 2051 869 2117 archidiacono
891 2052 1111 2138 purgationem
1135 2054 1243 2118 indix-

281 2154 366 2218 imus
390 2154 486 2220 trium
510 2177 606 2218 manu
627 2154 934 2233 archidiaoonorum‚
957 2156 1111 2221 adhibitis
1133 2180 1238 2222 secum

281 2256 351 2320 aliis
374 2269 515 2343 quatuor
540 2256 691 2333 diaconis,
715 2256 799 2320 diem
823 2257 1015 2345 praestandae
1039 2259 1239 2344 purgationis

283 2359 506 2444 praefinientes,
517 2382 582 2446 qua
593 2358 777 2423 imminente
788 2358 918 2424 accessit
930 2358 970 2424 ad
981 2382 1039 2425 nos
1046 2372 1240 2424 memoratus

282 2461 536 2539 archidiaconus,
566 2462 673 2527 dicens
711 2485 745 2525 se
775 2461 868 2525 malle
904 2462 1114 2527 innocentiam
1150 2484 1239 2526 suam

283 2564 501 2629 demonstrare
516 2567 548 2629 in
564 2565 644 2629 facie
659 2564 799 2629 enclesioe
821 2567 985 2641 Romanae,
1001 2564 1041 2628 ad
1057 2587 1154 2649 quam
1171 2587 1240 2628 ver·

283 2667 360 2731 bum
377 2667 461 2731 forte
476 2681 674 2755 pervenerat,
691 2690 723 2730 se
738 2679 769 2731 et
793 2667 899 2730 omnia
915 2690 972 2730 sua
988 2679 1101 2731 vestrae
1116 2678 1240 2752 protec-

285 2769 362 2834 tioni
377 2769 562 2856 subjiciens,
577 2784 609 2835 et
625 2769 817 2834 auctoritate
837 2767 1010 2855 apostolica
1024 2767 1184 2845 inhibens,
1199 2790 1239 2831 ne

285 2876 317 2940 iu
347 2874 511 2942 laesionem
541 2875 612 2959 ejus
641 2876 807 2960 quippiam
831 2872 872 2935 ab
901 2871 1010 2955 aliquo
1037 2879 1238 2937 statueretur.

285 2981 417 3069 Adjecit
440 2982 536 3045 etiam
559 2978 646 3064 quod
670 2978 702 3041 in
724 2975 848 3042 octavis
867 2974 1059 3061 Epiphaniae
1082 2997 1114 3037 ae
1137 2988 1242 3042 vestro

283 3081 467 3169 conspectui
483 3077 697 3166 praesentabit.
742 3081 811 3142 Nos
826 3099 914 3161 ergo,
935 3087 972 3140 ut
986 3075 1142 3162 oportuit,
1165 3099 1240 3163 apo·

284 3185 405 3249 stolicae
414 3178 574 3270 majestati
582 3180 759 3245 deferentes
771 3178 986 3244 definitionem
998 3177 1117 3263 negotii
1128 3192 1240 3250 vestrae

284 3285 519 3352 reservavimus
531 3280 700 3346 sanctitati.

424 3596 651 3663 EPISTOLA
679 3595 931 3660 oxima-n>
946 3614 1100 3659 annonis.

528 3748 667 3813 Domino
681 3749 784 3829 Papae
799 3746 996 3811 Alexandro.

324 3895 380 3955 An
397 3885 460 3949 hoo
475 3884 693 3948 excellentiam
704 3895 841 3948 vestram
857 3880 955 3966 capiti
972 3878 1112 3944 omnium
1130 3882 1242 3945 Eccle-

283 3989 401 4055 siarum
413 3984 581 4070 dispositio
589 3982 698 4048 divina
708 3982 863 4068 praet'eoit,
871 3993 920 4060 ut,
929 3982 1147 4047 exterminatis
1156 3983 1243 4047 vitiis

285 4084 1241 4173 dedomoDomini,virtusjucuudumeapiatincrementum

287 4210 318 4261 et
332 4208 371 4261 ut
395 4191 621 4278 imperfectum
644 4189 744 4253 totius
765 4186 986 4265 humanitatis,
1003 4200 1116 4252 vestrae
1131 4188 1243 4272 majes-

287 4299 358 4364 tatis
390 4293 541 4381 suppleat
571 4305 791 4355 consummata
821 4288 981 4375 perfectio.
1037 4290 1141 4352 Causa
1169 4310 1243 4371 quoe

289 4400 426 4467 vertitur
450 4399 533 4461 inter
558 4395 691 4459 dilectos
716 4395 831 4458 fratres
857 4402 982 4457 nostros
1015 4388 1096 4452 Rad.
1121 4388 1242 4452 Dunel·
