3034 5500
285 748 347 806 180
542 759 677 803 ausurus
693 757 968 803 sinasnemausrs
1146 737 1188 816 [a.
1204 755 1229 801 n.

288 911 459 978 adversarii
476 914 546 998 ejus
561 913 692 977 crimina
709 910 808 1002 multa
822 910 854 972 in
879 908 1010 972 modum
1034 906 1231 994 exceptionis,

287 1018 504 1098 opposuerint,
519 1014 549 1076 in
566 1014 683 1098 quibus
698 1015 794 1076 etiam
810 1011 1040 1075 conveniebant
1056 1032 1129 1073 eum
1148 1029 1233 1094 super

288 1115 417 1179 crimine
432 1116 516 1180 laesae
532 1116 717 1202 majestatis,
729 1114 871 1178 diceutes
885 1135 958 1176 eum
974 1112 1169 1176 commisisse
1182 1108 1232 1172 fal·

288 1241 357 1281 sum
370 1222 401 1282 in
416 1219 527 1284 litteris
539 1219 651 1283 vestris
663 1241 742 1304 quas
754 1215 946 1303 proferebat.
988 1214 1088 1278 Vobis
1103 1211 1235 1297 quidem,

287 1333 318 1384 et
344 1321 495 1385 fratribus
519 1322 631 1385 vestris
655 1324 713 1406 qui
739 1320 871 1383 aderant
894 1316 1019 1392 obstiti,
1044 1314 1233 1380 dissimilitu-

287 1421 406 1499 dinem,
421 1436 453 1485 et
469 1421 591 1486 litteras
612 1444 693 1507 quas
708 1419 748 1484 de
773 1419 930 1484 industria
944 1418 1059 1482 fecisse
1074 1420 1162 1482 visus
1183 1429 1233 1486 est,

287 1527 416 1588 omnino
441 1537 622 1609 suspectas:
654 1535 685 1586 et
708 1521 791 1597 idco,
818 1535 852 1586 ut
879 1520 972 1585 nobis
993 1524 1102 1584 visum
1125 1533 1183 1592 est,
1199 1516 1233 1580 ad

288 1623 485 1688 celsitudinis
511 1636 623 1689 vestrae
648 1646 779 1687 examen
808 1621 1026 1688 remittendas.
1074 1623 1149 1707 lpse
1172 1641 1236 1681 vero

287 1740 469 1791 constanter
493 1749 525 1789 se
551 1749 675 1791 causam
704 1749 723 1789 a
746 1725 838 1789 vobis
862 1725 1022 1810 accepisse
1048 1724 1188 1797 dicebat,
1207 1733 1234 1783 et

287 1829 428 1891 omnium
445 1851 519 1914 quae
535 1828 737 1891 continentur
751 1828 784 1890 in
796 1826 921 1902 litteris,
935 1826 1121 1888 Romanurn
1138 1821 1233 1907 ponti·

287 1929 376 1992 ficem
395 1930 542 1994 laudabat
558 1943 729 1994 auctorem.
776 1928 872 1994 Unde
886 1928 999 1992 habito
1014 1928 1154 1990 fratrum
1173 1946 1234 1987 noe·

287 2044 411 2093 trorum
440 2031 583 2108 oonsilio,
614 2044 744 2117 accepta
772 2032 814 2096 ab
841 2055 879 2094 eo
904 2031 1068 2115 juratoria
1095 2027 1233 2091 cautione

287 2129 373 2213 quod
390 2144 496 2194 vestro
518 2132 616 2196 stabit
639 2134 801 2207 mandato,
817 2131 942 2195 easdem
966 2130 1060 2194 vobis
1083 2130 1233 2193 transmit-

286 2229 384 2292 timus
399 2255 456 2316 per
467 2232 618 2296 dilectum
631 2232 732 2298 lilium
746 2248 885 2297 restrum
901 2232 987 2297 Rad.
1000 2232 1232 2297 landavensem

286 2333 554 2409 archidiaconum,
570 2347 718 2419 rogantes
738 2349 772 2400 ut
791 2334 910 2401 eumin
929 2335 1032 2420 justis
1054 2331 1233 2419 postulatio

286 2435 381 2499 nibus
395 2436 460 2499 suis
470 2435 619 2513 audiatis,
632 2450 663 2501 et
679 2439 821 2502 miserias
838 2436 982 2501 Laudav.
997 2433 1151 2511 ecclesiae,
1161 2455 1233 2520 quaa

287 2537 377 2600 vobis
391 2553 540 2625 exponet,
555 2539 656 2603 oculis
670 2541 906 2626 propitiationis
921 2553 1038 2603 vestrae
1056 2535 1230 2623 respiciatis

287 2639 447 2704 Praeterea
469 2642 572 2717 nobis,
587 2642 612 2704 si
636 2643 737 2727 placet
763 2643 937 2717 rescribite,
954 2664 1022 2727 qna
1043 2637 1231 2705 animadver-

286 2741 373 2805 sione
388 2742 520 2806 feriendi
538 2758 611 2807 sunt
630 2757 832 2829 corruptores
855 2742 1034 2808 litterarum
1051 2755 1230 2806 vestrarum.

287 2843 423 2909 Difficile
435 2845 517 2909 enim
531 2860 577 2908 est
590 2846 629 2909 ad
644 2846 766 2930 singula
779 2845 961 2931 hujusmodi
973 2868 1051 2931 quoe
1061 2854 1231 2927 emergunt,

286 2947 462 3031 majestatis
478 2962 591 3011 vestrae
606 2947 771 3011 consilium
788 2962 967 3032 expectare.

407 3246 633 3311 EPISTOnA
657 3249 880 3312 CXXX-ao
895 3269 1115 3315 aaanrrsssu.

672 3423 847 3489 Attaleia.

328 3557 575 3621 Nnnmonnrnn
587 3573 662 3634 tuae,
671 3573 705 3623 ut
716 3559 840 3623 interim
852 3559 1231 3649 sicdicatur‚multiplioes

283 3674 315 3724 et
331 3682 443 3745 graves
458 3682 605 3723 excessus
621 3659 755 3726 ulterius
770 3660 970 3725 dissimulare
981 3683 1044 3726 nou
1056 3685 1229 3748 possumus,

283 3784 384 3847 quum
401 3762 440 3825 ad
458 3784 549 3826 aures
572 3765 708 3828 Romani
732 3763 891 3848 pontificis
909 3762 1029 3829 delicta
1049 3777 1107 3829 tua
1128 3788 1230 3851 perve-

282 3864 396 3941 nerint,
412 3879 443 3926 et
459 3863 613 3927 adversus
635 3865 843 3929 innocentiam
868 3878 1005 3929 vestram
1030 3880 1148 3932 saumae
1171 3867 1230 3930 Ro

281 3986 383 4027 manae
398 3965 536 4028 ecclcsiae
553 3979 724 4050 provocent
740 3965 999 4051 indignationem.
1043 3969 1228 4056 'sequidem

280 4089 363 4152 saepe
386 4067 578 4142 monuimus,
604 4081 638 4132 ut
662 4091 680 4132 a
703 4068 823 4131 famosa
845 4067 1062 4133 familiaritate
1087 4082 1120 4134 ct
1141 4070 1227 4134 coba-

282 4169 435 4232 bitatione
452 4169 601 4250 Hugonis
615 4168 768 4248 officialis,
785 4169 844 4234 toti
859 4170 914 4256 qui
931 4184 997 4234 tuae
1019 4169 1164 4257 religioni
1185 4185 1227 4234 est

278 4269 310 4330 in
334 4269 534 4331 offensionem
558 4285 589 4333 et
617 4272 811 4343 scandalum,
836 4272 938 4336 modis
961 4274 1112 4339 omnibus
1137 4273 1226 4337 abati·

279 4392 378 4443 neres,
392 4392 490 4454 quum
507 4393 546 4432 ex
565 4371 714 4435 mandato
727 4371 858 4435 Domini
873 4372 968 4435 etiam
986 4395 1042 4458 pes
1059 4373 1109 4437 vel
1123 4373 1227 4438 oculus
