3034 5500
287 782 350 843 818
544 789 681 835 ioannis
697 786 977 835 sanasssmsnsrs
1148 770 1191 850 [n.
1206 791 1231 834 n.

285 1061 506 1128 Eptstbta
533 1060 819 1124 ctxxxv÷in
840 1076 1043 1122 uso1srnnrs
1064 1079 1234 1124 ornannusr

439 1177 444 1185 ·
546 1173 707 1223 auonnnn.
756 1157 973 1240 [s.n.1166.]

522 1312 685 1395 Magistro
703 1312 850 1375 Girardo
868 1312 1009 1375 Pucelle.

329 1440 429 1512 Qnon
444 1435 611 1500 dilectioni
625 1446 736 1498 vestrae
750 1433 930 1518 respondeo
945 1434 1071 1498 tardius
1092 1448 1126 1499 et
1145 1437 1238 1500 rarius

288 1543 406 1617 scribo,
421 1560 520 1624 quum
538 1537 607 1620 jam
621 1537 742 1600 litteras
757 1547 879 1599 vestras
896 1536 1043 1600 secundo
1058 1537 1239 1621 receperim,

287 1645 365 1709 facit
393 1640 647 1706 intermeantium
685 1639 808 1716 raritas,
835 1639 978 1701 looomm
1019 1638 1183 1714 distantis,
1210 1653 1239 1703 et

285 1746 474 1809 transituum
495 1742 668 1806 difficultas
682 1741 876 1804 nostratibus
897 1741 1102 1820 ignotorum:
1133 1743 1191 1807 sed
1203 1766 1239 1806 eo

287 1847 418 1932 quidem
433 1845 536 1927 magis
547 1845 648 1908 ferret
657 1843 797 1920 affectio,
806 1843 916 1923 lingua
926 1844 1000 1906 silet
1011 1844 1239 1927 impatientius,

288 1971 355 2033 quo
371 1947 493 2012 caritati
509 1967 672 2011 succensor
695 1966 752 2028 per
769 1944 1000 2008 exhibitionem
1017 1948 1236 2031 obsequiorum

287 2052 415 2137 prodire
436 2050 501 2113 norl
524 2050 601 2114 licet
621 2049 655 2111 in
681 2047 857 2131 publicum,
879 2058 912 2110 et
937 2051 1135 2114 commercio
1157 2050 1237 2112 verbi

286 2162 436 2232 negatum
463 2158 522 2226 est,
546 2159 673 2212 mutuas
698 2150 731 2211 in
759 2149 858 2212 corda
882 2160 993 2213 nostra
1017 2172 1108 2215 more
1134 2152 1237 2215 amicis

285 2253 402 2316 usitato
416 2260 449 2312 et
456 2248 606 2333 jucundo
621 2247 767 2330 trajicere
783 2251 957 2314 sententias
971 2252 1163 2316 animorum.
1200 2251 1236 2313 In

285 2354 347 2417 boc
362 2352 471 2434 itaque
485 2350 570 2412 malo
584 2349 701 2431 aliquis
715 2371 793 2413 usus
809 2363 866 2428 est,
881 2351 956 2414 dum
979 2373 1040 2436 per
1060 2354 1235 2417 absentiam

286 2474 455 2538 corporum
479 2451 583 2532 magis
608 2449 776 2514 invalescit
803 2454 965 2534 integritas
994 2456 1186 2532 animorum,
1209 2468 1237 2518 et

286 2557 403 2621 amoris
424 2551 580 2639 patientia
594 2564 732 2616 mentem
747 2556 948 2632 exulcerans,
962 2554 1085 2619 doloris
1107 2559 1157 2621 sui
1180 2557 1237 2620 dis·

288 2658 416 2745 pendio,
432 2668 466 2721 ct
480 2677 541 2719 usu
567 2656 713 2719 exercitii
739 2656 789 2718 sui
814 2655 847 2717 in
865 2656 989 2720 virtutis
1012 2659 1238 2741 compendium

285 2760 425 2849 proficit,
440 2772 530 2825 etex
551 2757 758 2824 assuetudine
782 2758 1006 2822 dissidentium
1029 2760 1074 2823 ad
1096 2763 1237 2826 laborum

284 2864 483 2929 tolerantiam
511 2862 686 2925 roboratur.
730 2860 846 2924 Malim
872 2871 989 2939 tamen,
1015 2874 1049 2925 et
1075 2865 1103 2926 si
1135 2865 1238 2947 prosit,

286 2966 383 3050 hujus
420 2965 627 3049 impatientior
666 2964 779 3027 abesse
813 2983 916 3041 usum,
947 2961 1025 3027 dum
1056 2966 1237 3030 cohabitare

285 3088 466 3150 possumus,
481 3079 512 3130 et
534 3066 651 3129 mutuis
665 3064 726 3127 frui
752 3064 932 3147 colloquiis,
947 3066 1093 3129 consiliis
1115 3067 1237 3143 instrui,

285 3181 318 3233 et
342 3169 551 3233 auxiliaribus
573 3168 687 3231 officiis
713 3166 829 3229 muniri
851 3178 883 3229 et
908 3166 1027 3230 firmari
1053 3169 1087 3231 in
1111 3189 1236 3233 omnem

285 3292 406 3334 casum.
444 3270 509 3334 Sed
524 3268 785 3355 quandoquidem
798 3268 999 3352 dispositioni
1014 3267 1132 3334 dirinae
1147 3271 1237 3335 aliter

283 3374 388 3435 visum
400 3383 458 3448 est,
470 3383 618 3456 prompta
629 3371 799 3434 devotione
809 3370 908 3454 ipsius
920 3391 1091 3453 pareamus
1100 3372 1234 3445 arbitrio,

283 3473 376 3557 cujus
390 3474 464 3535 etsi
485 3474 647 3555 possimus
662 3474 779 3537 evitare
799 3472 1001 3550 sententiam,
1017 3487 1139 3538 mutare
1161 3495 1234 3537 con·

283 3574 389 3637 silium
418 3592 484 3635 non
514 3574 668 3650 volemus,
698 3596 764 3657 quo
794 3574 1005 3655 diligentibus
1037 3576 1102 3639 sibi
1131 3575 1235 3637 omnia

283 3684 471 3760 cooperatur
485 3674 516 3736 in
532 3673 665 3750 bonum,
680 3686 712 3737 et
727 3676 846 3741 salubri
861 3675 1104 3758 dispensatione
1124 3699 1235 3762 procu·

283 3789 342 3855 rat,
356 3787 391 3839 ut
407 3774 515 3839 omnia
529 3773 647 3837 cedant
661 3776 693 3837 in
711 3798 803 3840 usum
819 3778 994 3861 sapientiae.

325 3876 533 3959 Exposuistis
547 3876 624 3938 mihi
640 3890 753 3956 vestra,
769 3880 886 3960 gratias
901 3901 974 3959 ago,
990 3881 1049 3944 sed
1069 3883 1234 3947 maximas.

282 3976 738 4049 Quaesistisconsiliummeum
747 3980 1080 4062 ministerioMagistri
1091 3982 1235 4048 Radulfi:

282 4073 462 4157 respondeo
477 4075 565 4157 quod
581 4076 738 4156 desidero,
750 4078 840 4161 quod
854 4100 948 4160 spero
964 4080 1005 4144 dc
1021 4083 1238 4147 misericordia

276 4175 425 4254 Domini,
455 4176 530 4258 quia
558 4187 591 4341 ἰ
620 4177 699 4241 citra
728 4199 859 4262 operam
888 4201 993 4243 meam
1024 4184 1117 4247 vobis
1149 4185 1237 4247 Deus

281 4278 420 4346 salubria
433 4278 564 4362 provide
588 4278 622 4357 it,
639 4289 672 4341 et
687 4280 807 4343 utinam
827 4281 993 4362 parvitatis
1014 4304 1097 4348 meae
1120 4286 1238 4361 officio,

281 4380 467 4447 fraternitati
483 4391 592 4445 vestrae
608 4380 757 4462 dignetur
771 4401 900 4462 erogare
920 4383 1010 4465 quod
1027 4385 1071 4449 ad
1085 4386 1238 4451 honorem
