3034 5500
289 756 460 835 Udo-8]
599 783 602 787 ·
671 771 850 816 amaruan.
1196 756 1237 814 23

283 950 317 989 eo
340 924 429 1011 quod
454 947 476 988 a
496 922 607 1010 judice
630 921 778 1007 delegato
803 920 860 984 nisi
886 919 926 983 ad
952 918 1152 1005 delegantem
1182 942 1237 1004 ap-

282 1025 389 1111 pellari
405 1047 470 1089 non
488 1024 592 1088 liceat.
637 1022 728 1087 Alter
746 1023 855 1107 itaque
874 1019 1056 1086 Willelmus
1071 1021 1177 1084 statim
1193 1019 1235 1083 ad

281 1127 382 1192 sedem
405 1127 616 1214 apostolicam
637 1124 821 1211 appellavit,
841 1122 924 1187 diem
941 1125 1111 1209 praefigens
1133 1121 1235 1186 calen-

280 1229 335 1293 das
351 1230 473 1294 Maias.

455 1569 680 1632 EPISTOLA
703 1569 884 1631 XXl.-nn
900 1587 1053 1631 nonnum.

619 1701 765 1764 Adriano
780 1703 892 1785 Papo.

324 1841 431 1911 Quom
446 1837 530 1901 inter
551 1834 729 1898 Rnbertum
747 1832 971 1920 winegotum,
985 1847 1017 1899 et
1034 1835 1233 1903 Willelmum

279 1938 322 2002 de
336 1937 558 2003 Sturministrn
574 1958 669 2022 super
684 1935 875 2022 quibusdam
891 1937 1089 2022 parochianis
1104 1953 1134 2003 et
1151 1939 1234 2004 deci-

280 2040 352 2116 mis,
377 2039 507 2104 sedente
537 2037 705 2102 Adelelmo
733 2037 956 2104 archidiacono
987 2044 1131 2106 Dorsetae
1159 2065 1233 2107 eon·

281 2141 435 2207 troversia
448 2154 637 2216 verteretur,
650 2140 813 2204 Robertus
828 2155 955 2226 petente
971 2165 1007 2205 ea
1023 2142 1082 2206 sibi
1098 2143 1235 2217 restitui,

276 2267 316 2308 eo
325 2244 414 2332 quod
427 2242 600 2331 aliquando
613 2241 672 2306 sibi
684 2242 867 2329 adjudicata
879 2257 911 2308 et
921 2245 1079 2329 resignata
1089 2246 1233 2323 luissent,

278 2346 368 2433 quod
383 2359 416 2410 et
434 2346 569 2410 testibus
590 2368 622 2409 se
643 2344 777 2431 probare
800 2359 945 2431 paratum
966 2347 1136 2425 asserebat,
1154 2369 1234 2433 prae·

277 2447 388 2515 dictus
417 2447 613 2523 willelmus,
642 2446 796 2511 adversus
832 2470 927 2534 quem
958 2463 994 2512 ut
1024 2471 1232 2534 possessorem

279 2552 464 2638 petebatur,
479 2551 518 2615 ad
536 2564 673 2615 nostram
690 2549 883 2614 audientiam
900 2550 1086 2637 appellavit.
1124 2553 1232 2629 Quum
1273 2592 1278 2600 ·

276 2654 387 2739 itaque
409 2666 519 2717 nostro
542 2676 574 2716 se
594 2651 780 2738 conspectui
802 2654 896 2715 ambo
918 2666 1172 2737 praesentassent,
1195 2677 1233 2718 eo

277 2753 367 2840 qnod
383 2753 581 2831 Willelmus,
592 2754 667 2816 licet
681 2752 901 2839 appellaverit,
917 2754 1046 2816 minime
1061 2753 1233 2819 instructus

279 2868 424 2930 venerat,
446 2854 487 2917 ad
510 2853 718 2918 venerabilem
739 2855 872 2916 fratrem
887 2868 1030 2918 nostrum
1053 2853 1233 2919 docelinum

280 2955 550 3020 saresberiensem
565 2955 768 3019 diocesanum
783 2976 892 3017 eorum
908 2953 1089 3039 episcopum
1106 2977 1233 3020 causam

279 3056 434 3121 duximus
454 3057 688 3133 remittendam,
711 3056 768 3143 qui
789 3079 890 3143 quum
911 3057 943 3119 in
969 3056 1091 3143 synodo
1115 3080 1173 3120 sua
1194 3057 1234 3122 dc

278 3182 375 3223 causa
401 3158 591 3224 sufficienter
612 3160 824 3246 cognovisset,
848 3159 893 3223 ita
915 3177 947 3224 et
969 3173 1006 3223 ut
1031 3159 1071 3222 ad
1095 3182 1234 3244 pronun-

278 3260 429 3324 ciandum
449 3260 680 3344 accingeretur,
697 3259 889 3346 saepedictus
908 3261 963 3323 W.
986 3259 1123 3326 secundo
1143 3260 1234 3325 audi-

278 3360 396 3423 torium
413 3359 597 3446 appellavit.
630 3362 736 3437 Quum
749 3374 855 3423 autem
868 3360 921 3423 die
932 3359 1137 3446 appellationi
1153 3384 1237 3449 prae-

277 3460 342 3526 fixa
358 3464 389 3525 in
406 3462 577 3549 praesentia
598 3475 707 3527 nostra
721 3463 816 3527 ambo
840 3459 995 3547 litigaturi
1018 3464 1235 3546 consisterent,

278 3565 473 3652 sepedictus
500 3566 676 3643 Robertus,
703 3564 857 3650 petitione
888 3588 947 3628 sua
973 3587 1069 3652 super
1091 3567 1233 3652 praefatis

278 3667 480 3754 parochianis
500 3681 533 3732 et
551 3665 682 3732 decimis
703 3671 860 3754 exposita,
877 3680 941 3731 tres
962 3682 1057 3732 testes
1078 3670 1233 3755 produxit

278 3768 470 3845 sacerdotes,
477 3770 587 3854 jurare
600 3784 728 3856 paratos
743 3793 777 3832 se
792 3784 965 3855 praesentes
977 3770 1117 3835 adfuisse
1133 3796 1233 3857 quum

276 3871 389 3955 ordine
422 3871 595 3958 judiciario
624 3872 844 3957 adjudicatum
876 3872 981 3936 luerat
1010 3873 1152 3938 Rnberto
1176 3876 1234 3959 jus

277 3974 459 4059 parochiale
475 3975 562 4059 quod
583 3975 723 4061 petebat,
739 3996 812 4038 cum
836 3973 977 4037 decimis.
1024 3975 1149 4053 Quibus
1163 3978 1234 4042 dili-

275 4090 390 4161 genter
401 4076 602 4152 examinatis,
614 4090 646 4140 et
659 4076 734 4141 satis
749 4076 959 4140 concordibus
974 4076 1120 4154 inventis,
1132 4103 1235 4165 quum

272 4178 339 4263 jam
368 4191 442 4265 post
468 4191 615 4263 suscepta
642 4178 769 4242 testium
790 4178 973 4262 juramenta
997 4181 1234 4265 pronuntiaturi

277 4303 431 4353 essemus,
460 4277 671 4343 assidentibus
701 4280 794 4344 nobis
819 4278 1052 4344 venerabilibus
1081 4280 1234 4344 fratribus

276 4384 405 4459 nostris,
423 4380 552 4446 Hilario
569 4381 767 4459 cicestrensi,
785 4381 932 4446 Gilberto
949 4379 1186 4455 llerefordensi,
1202 4393 1234 4444 et
