3034 5500
148 772 319 847 uss-8]
535 786 711 833 nnrsrocn.
1059 773 1097 831 lt)

145 941 230 1004 aliam
248 938 419 1026 possidere
434 952 547 1025 posset.
586 937 783 1025 Hujusmodi
801 937 991 1023 loquebatur
1007 937 1098 1023 quasi

143 1041 256 1106 crimen
273 1040 412 1128 aliquod
422 1040 516 1105 vellet
528 1042 697 1106 intentare.
728 1043 829 1106 Porro
843 1062 942 1125 quum
959 1038 1099 1123 exigere-

144 1167 223 1222 mus,
244 1161 281 1209 ut
308 1167 375 1207 rem
399 1143 490 1207 nobis
511 1143 708 1207 manifestius
729 1142 877 1228 aperiret,
894 1140 933 1204 ad
956 1163 1098 1204 examem

143 1247 335 1332 Apostolicae
359 1246 443 1310 sedis
467 1247 603 1332 Gregor.
626 1244 810 1332 appellavit,
828 1243 873 1308 ibi
895 1243 1040 1307 dicturus
1062 1264 1100 1304 ea

143 1366 214 1432 quta
229 1350 263 1412 in
281 1348 406 1434 Anglia
421 1369 483 1410 non
499 1347 639 1412 audebat
654 1347 843 1432 exprimere,
859 1344 999 1433 eoquod
1015 1346 1100 1426 regis

143 1449 181 1514 sit
197 1449 425 1516 ministerialis.
471 1447 690 1537 Appellationi
706 1462 813 1514 autem
829 1448 912 1513 diem
929 1444 1100 1534 praefinivit

144 1550 346 1618 Dominicam
363 1574 431 1639 qua
445 1553 637 1627 cantabitur,
655 1552 761 1626 Quasi
775 1552 866 1615 modo
875 1554 991 1632 geniti.

313 1796 537 1861 EPISTOLA
562 1796 765 1860 XVll.-an
780 1812 932 1858 sunnam.

490 1930 637 1995 Adriano
651 1933 764 2013 Papa.

187 2067 305 2132 Suasa
333 2064 463 2131 ecclesia
491 2067 532 2129 de
562 2064 729 2129 Boltesord
767 2065 849 2129 inter
879 2063 1099 2129 Alexandrum

146 2166 419 2244 Malsmbestiam,
430 2180 462 2232 et
475 2171 640 2253 Rogerum
651 2167 874 2255 presbyterum
887 2173 1101 2234 controversia

145 2270 270 2334 diutius
295 2273 418 2354 agitata
442 2282 508 2334 est:
540 2270 668 2335 tandem
694 2293 796 2356 quum
825 2270 1005 2337 Alexander
1029 2296 1102 2338 anc-

144 2373 273 2436 toritate
295 2372 436 2459 episcopi
461 2372 692 2438 Lincolniensis
709 2373 740 2436 in
759 2374 826 2459 jam
847 2374 942 2438 dictae
964 2375 1103 2438 ecclesiae

143 2475 372 2560 possessionem
395 2484 526 2561 propter
547 2477 780 2541 contumaciam
799 2475 927 2562 Rogerii
951 2490 1032 2541 esset
1054 2477 1102 2540 in-

145 2575 277 2652 ductus,
302 2588 336 2640 et
365 2577 598 2641 restitutionem
628 2576 794 2643 fructuum
824 2591 1056 2664 praeceptorum
1083 2601 1101 2640 a

147 2689 322 2742 memorato
355 2678 495 2763 Rogerio
528 2691 664 2764 peteret,
695 2678 854 2766 Rogerius
886 2679 927 2743 ad
962 2692 1101 2744 nostram

146 2779 345 2845 audientiam
368 2780 552 2867 appellarit.
601 2783 709 2858 Quum
731 2804 808 2865 ergo
832 2804 942 2845 causas
964 2781 1103 2867 appella-

147 2882 258 2959 tionis,
274 2900 431 2967 proesente
449 2882 642 2959 adversario,
658 2883 816 2967 Rogerius
830 2882 992 2965 allegaret,
1008 2905 1041 2943 se
1063 2882 1104 2945 ab

145 2985 297 3071 episcopo
327 2983 541 3048 Linoolniensi
570 2985 602 3048 in
634 3007 671 3047 eo
701 2996 813 3048 contra
842 2983 993 3046 rationem
1020 2982 1104 3067 juris

146 3099 318 3169 gravatum
340 3085 486 3161 asseruit,
510 3084 596 3171 quod
619 3085 744 3160 absens,
767 3083 943 3161 inauditus,
962 3095 994 3149 et
1017 3082 1105 3148 iude-

148 3186 270 3264 l'ensus,
283 3184 439 3271 spoliatus
459 3198 518 3266 est,
532 3185 732 3251 contumacia
747 3185 807 3250 sibi
827 3185 987 3273 imposita,
1002 3207 1103 3271 quum

148 3285 267 3350 nullam
300 3308 450 3373 umquam
490 3287 684 3353 vocationem
718 3288 840 3373 judicis
874 3288 1104 3353 contumaciter

148 3389 348 3474 neglexisset.
395 3392 554 3454 Praeterea
570 3394 595 3455 si
610 3404 783 3455 contumax
798 3391 966 3472 extitisset,
981 3414 1103 3477 posses·

150 3491 269 3555 sionem
285 3511 375 3556 suam
392 3490 476 3556 intra
490 3513 611 3555 annum
628 3492 765 3557 venienti
777 3505 808 3557 et
825 3503 937 3578 parato
951 3491 1104 3558 satisdare

144 3593 270 3680 judicio
295 3593 363 3657 sisti
390 3594 449 3657 sibi
476 3594 704 3660 restituendam
728 3619 795 3659 csse
818 3595 943 3660 dicebat
970 3596 1104 3682 dejure

149 3696 269 3784 legum,
284 3710 317 3761 et
338 3717 506 3774 canonum,
522 3710 554 3763 et
577 3712 694 3762 sanctae
708 3698 847 3762 ecclesia
863 3700 1018 3762 Romanae
1032 3718 1105 3760 con-

148 3800 331 3877 suetudine,
354 3800 488 3885 vestigia
509 3801 611 3886 cujus,
635 3814 671 3866 ut
688 3802 814 3886 justum
836 3814 896 3876 est,
924 3799 1104 3885 Anglornm

147 3903 280 3967 ecclesia
302 3899 456 3967 imitatur.
502 3900 563 3965 lllo
585 3900 692 3988 itaque
707 3915 744 3965 ut
769 3902 1005 3967 satisdationem
1028 3900 1105 3965 reci·

146 4023 298 4089 petemus
319 4003 468 4077 instante,
485 4005 717 4068 restitutionem
740 4002 944 4090 possessionis
966 4016 1105 4089 petente,

148 4105 348 4186 Alexander,
380 4105 549 4191 praefigens
583 4106 783 4171 Dominicam
821 4106 997 4194 proximam
1032 4120 1105 4191 post

146 4210 289 4273 Octavas
309 4208 452 4286 Pascha,
472 4219 607 4271 vestram
631 4206 823 4271 audientiam
846 4206 1030 4294 appellavit,
1046 4206 1103 4292 qui

144 4329 203 4395 per
225 4308 475 4374 misericordiam
492 4307 621 4373 Domini
642 4307 735 4372 tinem
754 4332 858 4375 cansa
878 4308 1022 4373 debitum
1045 4308 1102 4368 im-

146 4412 284 4498 ponetis.

595 4534 613 4575 c
628 4516 649 4574 2
