3034 5500
690 732 825 777 sossius
842 732 1119 780 sxnnssamsxsxs
1296 721 1337 798 [s.
1353 740 1380 783 n.

619 910 839 974 EPISTOLA
863 912 1028 975 Vll—xo
1045 931 1197 976 stanna.

702 1049 843 1109 Domino
855 1068 949 1127 pope
965 1047 1121 1109 Adriano.

474 1183 644 1244 Putemus
671 1175 787 1240 nobilis
813 1176 873 1239 viri
901 1176 982 1261 Rag.
1007 1177 1047 1241 de
1078 1193 1187 1243 sancto
1214 1181 1379 1259 walerico,

431 1279 602 1345 venerabili
617 1279 708 1342 fratri
725 1291 834 1342 nostro
847 1279 988 1343 Ricardo
1004 1279 1218 1346 Londoniensi
1234 1283 1377 1370 episcopo

429 1383 577 1447 dedimus
600 1382 632 1444 in
657 1380 828 1456 mandatis,
854 1393 891 1444 ut
911 1382 940 1444 ei
967 1380 1008 1445 de
1034 1382 1151 1445 comite
1178 1383 1336 1462 Alberico,
1361 1408 1378 1448 a

428 1473 494 1570 quo
517 1485 577 1549 sibi
600 1487 641 1547 60
665 1505 787 1547 marcas
811 1481 873 1546 fide
896 1482 1084 1569 interposita
1108 1484 1217 1549 deberi
1243 1486 1378 1566 dicebat,

425 1587 606 1652 canonicam
641 1584 799 1672 justitiam
837 1584 1013 1649 exhiberet.
1073 1586 1254 1673 Episcopus
1292 1610 1375 1664 vero,

425 1689 528 1754 causis
551 1686 744 1775 quibusdam
773 1687 1060 1752 intervenientibus
1090 1687 1277 1753 mandatum
1309 1709 1375 1753 nos

427 1807 511 1857 trum
536 1791 652 1875 exequi
676 1789 885 1875 prepeditus,
907 1789 1118 1872 cognitionem
1144 1791 1375 1856 venerabilibus

428 1894 503 1955 viris
531 1892 615 1954 Rad.
641 1889 743 1954 [ond.
771 1890 903 1965 decano,
929 1891 1020 1974 Hug.
1045 1891 1268 1957 archidiacono
1294 1893 1374 1957 dele-

426 1993 524 2078 gavit.
570 1993 677 2068 Quum
705 2013 782 2072 ergo
806 2012 879 2052 teus
903 1991 998 2053 tertio
1021 1992 1172 2073 legitimis
1202 1994 1373 2058 intervallis

426 2095 545 2159 citatus
565 2107 661 2164 esset,
685 2104 717 2155 et
742 2104 873 2155 auctore
897 2091 1031 2176 probato
1053 2095 1249 2179 propositam
1273 2099 1373 2160 inten-

426 2197 543 2260 tionem
559 2191 706 2279 implens,
723 2215 784 2256 non
801 2193 921 2257 sacexet
936 2192 1058 2279 copiam
1083 2197 1144 2272 sui,
1159 2219 1216 2258 nec
1233 2210 1268 2260 ut
1284 2220 1373 2282 opor·

425 2297 525 2369 tebat,
538 2294 728 2358 sufficientes
737 2307 940 2358 excusatores
955 2307 1011 2359 aut
1024 2296 1218 2379 responsales
1229 2297 1371 2374 misisset,

425 2409 620 2462 memoratus
644 2399 686 2461 R.
710 2408 799 2460 actor
824 2419 938 2480 magna
964 2397 1140 2481 postulavit
1166 2398 1315 2461 instantia
1341 2411 1374 2462 ut

419 2498 546 2585 judices
572 2519 626 2559 seu
652 2498 795 2560 tramites
815 2499 898 2583 juris
925 2520 982 2559 suo
1012 2495 1114 2560 officio
1143 2498 1371 2582 fungerentur:

422 2599 484 2663 illis
505 2610 613 2662 autem
637 2598 903 2684 respondentibus
928 2598 1140 2681 cognitionem
1170 2622 1286 2675 cousae,
1314 2624 1371 2664 nou

422 2699 622 2777 decisionem,
646 2699 705 2764 sibi
728 2699 940 2785 abepiscopo
966 2698 1143 2786 delegatam
1175 2722 1254 2775 esse,
1280 2715 1313 2767 et
1334 2703 1373 2766 ob

422 2802 482 2866 hoc
496 2826 534 2865 eo
548 2803 727 2867 inconsulto
742 2805 774 2867 in
797 2826 892 2867 eausa
909 2825 971 2866 non
988 2825 1079 2888 posse
1095 2803 1277 2889 procedere,
1296 2829 1372 2890 pra-

421 2905 603 2970 nominatus
621 2907 662 2971 R.
676 2906 825 2991 expetiit,
843 2919 878 2969 ut
895 2919 951 2970 aut
974 2905 1182 2991 procederent
1206 2908 1230 2969 si
1248 2906 1370 2981 licebat,

419 3024 476 3073 aut
491 3009 678 3091 patentibus
693 3008 792 3070 literis
807 3009 868 3071 sibi
885 3007 1022 3081 traditis,
1033 3008 1237 3088 agitationem
1255 3012 1370 3094 negotii

418 3111 567 3193 episcopo
583 3108 816 3191 significarent:
842 3120 874 3167 ct
888 3108 965 3189 quia
980 3107 1022 3167 ab
1037 3107 1082 3167 eis
1097 3106 1128 3166 in
1145 3109 1204 3168 hac
1220 3111 1370 3190 petitione

419 3231 480 3272 non
498 3208 614 3270 meruit
637 3205 795 3280 exaudiri,
811 3204 937 3267 eosdem
961 3204 1001 3267 ad
1018 3219 1159 3269 nostram
1175 3207 1368 3276 audientiam

418 3308 600 3394 appellavit.
647 3310 753 3382 Quum
781 3305 889 3390 itaque
916 3307 968 3369 die
994 3307 1125 3392 praefixa
1148 3310 1180 3371 in
1204 3317 1370 3394 praesentia

418 3424 526 3473 nostra
551 3407 707 3484 adessent,
732 3418 765 3469 et
786 3409 831 3470 rei
854 3408 964 3471 seriem
987 3409 1123 3493 praefato
1146 3413 1240 3476 modo
1265 3429 1369 3500 partes

417 3525 623 3597 exponerent,
646 3510 837 3596 saepedictus
868 3512 949 3597 Rag
976 3512 1085 3577 dicens
1111 3538 1144 3577 se
1170 3540 1189 3579 a
1218 3516 1369 3602 delegatis

417 3613 476 3677 sibi
495 3612 663 3697 judicibus
685 3611 845 3691 delusum,
859 3614 946 3699 ipsos
968 3615 1009 3679 ad
1033 3617 1139 3680 sedem
1163 3621 1366 3703 apostolicam

417 3715 590 3792 intimavit,
620 3714 704 3779 diem
735 3717 905 3803 praefigens
931 3719 963 3780 in
992 3720 1123 3783 Octavia
1155 3722 1367 3788 Pentecostes.

417 3815 469 3880 llli
485 3840 560 3880 vero
575 3839 663 3881 suam
680 3833 868 3882 excusantes
887 3819 1097 3884 innocentiam
1121 3823 1270 3887 dicebant
1286 3827 1367 3909 epis-

415 3942 530 4003 copum
546 3920 733 3984 decisionem
755 3943 860 3984 causas
881 3922 1010 4008 proprio
1026 3946 1201 3987 reservasse
1216 3928 1367 4002 examini,

414 4036 447 4086 et
463 4044 495 4084 se
511 4022 543 4085 in
559 4045 654 4085 causa
669 4044 870 4107 nequaquam
888 4024 1077 4108 malignatos
1092 4048 1170 4100 esse,
1188 4029 1288 4111 parati
1308 4029 1365 4091 boc

413 4125 517 4209 ipsum
536 4126 720 4209 juramento
741 4125 948 4210 corporaliter
970 4129 1113 4211 praestito
1136 4128 1363 4195 demonstrare.

344 4295 348 4300 ,
418 4228 482 4292 Vos
504 4240 624 4301 autem,
645 4226 696 4289 cui
720 4225 928 4304 diffinitionis,
953 4243 986 4292 ut
1010 4233 1165 4314 oportuit,
1190 4251 1367 4299 reservatus

415 4314 461 4395 ebt
477 4328 629 4407 calculus,
644 4350 747 4391 carisa
764 4329 857 4392 linem
874 4329 1016 4394 debitum
1035 4331 1211 4417 imponetis.
