3034 5500
293 769 496 848 trau-61]
684 788 869 832 spurcus..
1206 779 1245 837 ot

290 936 499 1014 lexoviensi,
516 953 547 1004 et
564 941 588 1003 J
590 941 681 1004 oanni
696 938 736 1002 de
753 939 933 1003 Saresberia
944 962 1024 1023 quos
1038 939 1246 1027 eleemosynae

289 1056 407 1107 uostrae
433 1042 657 1129 dispensandas
682 1042 899 1128 praefecimus:
938 1042 1141 1128 praecipimus
1169 1065 1246 1128 ergo

291 1143 379 1226 quod
403 1142 445 1207 ab
468 1143 563 1207 initio
584 1141 798 1227 dispositionis
823 1156 939 1208 nostrae
967 1144 1188 1230 praecepimus,
1211 1159 1243 1212 et

289 1243 439 1307 omuibus
450 1243 605 1307 ministris
620 1256 651 1306 et
664 1241 811 1306 fidelibus
826 1244 952 1322 uostris,
963 1266 1020 1328 per
1035 1244 1130 1308 fidem
1146 1269 1243 1331 quam

290 1343 381 1407 nobis
397 1342 529 1420 debent,
545 1340 754 1427 injunximus,
767 1358 802 1407 ut
818 1343 888 1408 istis
903 1345 1135 1430 obtemperent,
1150 1361 1181 1411 et
1197 1351 1243 1412 eis

288 1446 394 1510 omnia
408 1458 518 1509 nostra
533 1457 705 1530 exponant,
719 1457 749 1509 et
768 1445 885 1508 amicos
908 1444 968 1509 Dei
992 1468 1100 1509 omues
1122 1449 1243 1536 suppli-

289 1548 365 1612 citer
380 1569 560 1620 exoramus,
578 1559 614 1608 ut
636 1567 695 1631 pro
718 1546 932 1610 misericordia
955 1547 1086 1611 Domini
1101 1551 1243 1636 omnipo-

289 1649 396 1724 tentis,
417 1648 463 1710 eis
485 1646 638 1712 auxilium
662 1656 693 1707 et
715 1642 882 1710 consilium
905 1646 1078 1731 praebcant.
1124 1649 1242 1713 Omnes

290 1763 398 1835 autem
413 1748 514 1833 quiin
531 1746 674 1834 praeiatis
692 1767 869 1832 pauperum
887 1747 983 1811 rebus
998 1746 1142 1812 fraudem
1158 1772 1242 1812 com-

291 1850 434 1927 mittent,
445 1861 501 1913 aut
511 1849 580 1934 qui,
592 1871 657 1934 quo
669 1850 776 1910 minus
787 1846 952 1932 dispositio
963 1862 1069 1912 nostra
1080 1849 1241 1934 procedat,

293 1951 479 2038 impedient,
493 1949 702 2015 anathematis
717 1949 872 2013 sententia
887 1949 1176 2027 condemnavimus,
1191 1951 1240 2037 ip-

292 2055 383 2141 sique
397 2053 541 2118 officiales
555 2052 652 2135 regis,
670 2053 696 2115 si
713 2076 745 2116 se
762 2051 961 2138 dispositioni
982 2067 1100 2117 nostrae
1114 2070 1239 2140 pertur-

290 2156 404 2221 bandae
416 2155 654 2229 immiscuerint,
666 2177 698 2218 se
707 2153 850 2218 fidelium
862 2155 1081 2219 communione
1094 2160 1238 2222 noverint

287 2282 351 2323 esse
366 2258 520 2344 privatos,
537 2270 569 2321 et
585 2271 737 2341 tanquam
754 2254 910 2342 sacrilegi,
926 2271 957 2322 ct
973 2259 1236 2324 excommunicati

285 2362 324 2424 ab
335 2360 470 2425 introitu
482 2359 623 2422 omnium
634 2357 834 2422 ecclesiarum
846 2360 1037 2424 abstineant.
1078 2362 1236 2427 Omnibus

285 2477 389 2529 autem
414 2459 631 2547 dispositionis
657 2474 774 2524 nostras
803 2460 1016 2546 adjutoribus,
1044 2463 1235 2528 benedictio·

285 2584 353 2625 nem
370 2560 502 2626 Domini
518 2571 550 2623 et
564 2573 704 2624 nostram
720 2559 844 2636 damus,
860 2575 890 2625 et
907 2561 991 2646 ipsos
1011 2563 1234 2629 beneficiorum

285 2677 400 2727 sanctoe
413 2661 655 2726 Cantuariensis
666 2660 805 2725 ecclesias
820 2663 989 2750 participes
1000 2666 1233 2742 constituimus,

284 2766 393 2851 eisque
407 2764 449 2828 de
464 2766 607 2851 injuncta
627 2764 685 2827 sibi
710 2764 897 2849 poenitentia
919 2770 961 2827 40
983 2764 1105 2829 dicrum
1129 2767 1235 2830 indul-

283 2867 424 2950 gentiam
452 2866 595 2930 facimus.
643 2864 802 2929 Praeterea
827 2887 865 2927 ex
892 2872 983 2948 parte
1009 2866 1233 2949 omnipotentis

285 2968 415 3033 Domini
438 2983 470 3033 et
485 2969 547 3033 sub
561 2968 761 3033 anathemate
784 2965 1013 3043 interdicimus,
1029 2988 1067 3029 ue
1082 2968 1153 3053 quis
1167 2969 1233 3033 offi-

283 3071 409 3135 cialium
426 3070 545 3136 domini
569 3071 651 3156 regis
666 3070 705 3133 ad
730 3092 790 3150 res,
807 3091 880 3154 quae
903 3067 1042 3154 propriis
1064 3071 1231 3136 monacho·

282 3197 354 3238 rum
371 3175 611 3239 Cantuariensis
625 3174 766 3238 ecclesiae
780 3172 891 3237 usibus
905 3170 1018 3236 dicatae
1034 3186 1119 3252 sunt,
1134 3185 1231 3238 teme·

282 3280 383 3342 rantis
396 3299 525 3341 manum
540 3288 709 3361 praesumat
719 3274 901 3351 extendere,
912 3272 965 3338 scd
976 3274 1112 3340 habeant
1123 3300 1231 3343 omues

280 3398 329 3440 res
350 3398 425 3441 suas
446 3376 477 3440 in
505 3399 542 3441 ea
566 3376 761 3459 integritate,
785 3389 816 3439 et
839 3373 996 3454 libertate,
1019 3399 1082 3461 qua
1104 3378 1228 3444 easdem

280 3478 356 3562 ipsis
378 3478 497 3542 domini
520 3500 613 3563 papae
633 3490 664 3540 et
687 3490 795 3540 nostro
819 3476 982 3561 privilegio
1004 3476 1136 3542 fecimus
1155 3502 1229 3545 con·

281 3579 407 3645 firmari.
452 3580 503 3644 Ad
526 3580 595 3643 baec
617 3578 677 3643 sub
700 3578 809 3642 eodem
833 3578 1044 3656 anathemate,
1062 3592 1228 3660 terrarum,

277 3705 352 3768 quae
360 3681 401 3746 ad
412 3682 683 3767 archiepiscopum
695 3681 865 3766 pertinent,
875 3702 999 3743 omnem
1010 3679 1229 3748 alienationem

278 3782 344 3847 fieri
374 3783 592 3869 prohibemus,
618 3795 649 3845 et
680 3781 818 3858 excidia,
844 3794 875 3845 et
906 3780 1022 3844 damna
1051 3805 1228 3865 nemorum,

278 3880 377 3946 donec
400 3882 493 3946 nobis
515 3903 673 3946 successor
695 3880 898 3965 subrogetur,
915 3881 973 3945 nisi
996 3897 1155 3967 quantum
1177 3910 1230 3952 ne-

277 3982 431 4049 cessarius
446 3981 584 4049 ecclesiae
597 3983 738 4068 exegerit
755 4005 842 4058 usus,
856 3986 904 4047 vel
921 3982 1069 4049 dominus
1084 4008 1141 4051 rex
1157 4012 1230 4073 pro-

276 4085 346 4166 prio
368 4107 425 4150 ore
451 4086 651 4170 praeceperit,
676 4083 725 4147 vel
752 4082 967 4147 misericordia
992 4083 1129 4151 discreta
1154 4112 1227 4153 cum

277 4188 506 4263 moderatione,
529 4208 707 4272 pauperum
733 4183 897 4250 hominum
924 4188 1101 4252 necessitati
1124 4189 1229 4253 indul-

276 4292 362 4357 serit.
417 4288 486 4353 Sub
516 4286 625 4351 eadem
658 4310 786 4374 quoque
821 4286 1075 4352 interminatione
1110 4289 1228 4354 clericis

275 4395 482 4478 episcopatus
496 4392 596 4455 nostri
618 4388 824 4474 probibemus
839 4386 988 4451 indebitis
1009 4388 1228 4453 exactionibus
