3034 5500
145 755 256 830 lton]
534 768 712 813 urrsrona.
1046 756 1105 813 197

140 920 359 994 Wiutoniam,
377 918 429 981 sed
448 918 523 980 milri
544 918 584 981 de
601 919 733 983 veritate
756 942 817 981 non
833 935 966 983 constat,
1014 923 1096 984 Item

139 1019 271 1096 dicitur,
288 1018 377 1104 quod
391 1017 543 1104 episcopi,
558 1023 738 1104 inquorum
751 1020 987 1105 episcopatibus
1002 1020 1099 1084 cccle-

141 1122 197 1186 siae
213 1135 330 1185 vestrae
351 1133 437 1198 suut,
452 1120 484 1182 in
500 1122 547 1183 eis
562 1120 657 1184 modo
671 1120 925 1202 jurisdictionem
942 1136 1101 1204 exercent,

142 1244 182 1286 eo
197 1221 286 1308 quod
303 1221 409 1287 clerici
423 1223 519 1287 vestri
530 1221 657 1286 attoniti
669 1245 753 1286 nunc
767 1222 882 1287 mutire
894 1245 955 1286 non
969 1226 1098 1290 audent.

143 1324 209 1389 Sed
232 1324 331 1388 miror
354 1324 379 1387 si
396 1347 505 1388 verum
529 1339 588 1405 est,
610 1325 667 1387 nisi
692 1325 768 1411 quia
790 1325 881 1387 facile
911 1325 1100 1391 crediderim

142 1450 198 1490 eos
212 1426 349 1490 libenter
365 1427 445 1490 velle
458 1428 598 1511 irrepere
613 1449 820 1512 quocumque
830 1426 933 1500 ruodo,
948 1442 984 1491 ut
1000 1453 1102 1513 quan-

144 1527 252 1613 doque
272 1527 377 1590 dicere
399 1531 523 1613 possint
546 1550 578 1591 se
597 1526 783 1611 possedisse.
830 1525 924 1605 Nam,
941 1542 976 1592 ut
992 1531 1099 1606 audio,

146 1627 293 1692 Sesridus
323 1629 529 1694 Cicestrensis
559 1641 689 1692 vacante
721 1629 942 1691 Cantuariensi
973 1630 1102 1695 ecclesia

144 1734 188 1795 sic
202 1730 371 1816 occupavit
386 1731 530 1794 ecclesias
544 1730 623 1804 illas,
640 1731 680 1793 de
696 1732 816 1815 quibus
838 1753 922 1793 nunc
937 1732 1101 1798 contendit

144 1854 306 1896 successor
317 1833 396 1917 ejus.
423 1831 465 1896 Et
475 1833 549 1897 licet
558 1831 743 1895 incredibile
753 1831 793 1894 sit
804 1831 889 1916 quod
902 1833 959 1894 boc
971 1832 1100 1912 faciant,

143 1931 221 1999 mihi
239 1948 345 1998 tamen
360 1936 477 2000 bonum
495 1936 632 2009 videtur,
646 1945 683 1997 ut
698 1933 788 1998 vobis
802 1935 1002 2018 prospiciatis
1011 1935 1098 2021 apud

145 2035 310 2101 domiuum
334 2059 460 2124 papam,
485 2037 662 2121 impetratis
685 2035 783 2099 literis
809 2037 878 2119 ejus
906 2036 1099 2120 patentibus,

145 2158 184 2199 ne
196 2133 419 2201 Cautuariensi
431 2137 569 2201 ecclesiae
584 2135 614 2198 in
628 2148 787 2219 posterum
805 2151 925 2211 noceat,
935 2135 1098 2221 quidquid

146 2250 334 2324 tempestate
349 2239 407 2303 hac
427 2238 579 2303 adversus
594 2261 661 2301 eam
683 2238 780 2302 fuerit
798 2252 997 2324 usurpatum.
1035 2238 1098 2302 Sed

145 2362 218 2425 quae
244 2355 402 2426 geruntur
428 2340 458 2404 in
481 2341 607 2423 Anglia,
635 2340 749 2425 saepius
776 2340 894 2403 auditis
913 2354 944 2403 et
969 2343 1097 2404 certius.

146 2442 224 2507 Ideo
239 2465 363 2529 precor,
380 2456 416 2506 ut
432 2442 473 2505 de
488 2456 573 2505 statu
592 2454 695 2505 vestro
710 2457 740 2504 et
758 2441 865 2519 curiae,
881 2456 913 2506 et
929 2463 970 2504 au
985 2442 1095 2518 abbas,

145 2566 241 2630 quem
265 2543 414 2607 dominus
437 2565 521 2627 papa
535 2541 566 2603 in
590 2545 736 2624 Angliam
763 2542 945 2616 transmisit,
969 2543 1098 2608 redierit

146 2645 264 2719 adhuc,
282 2667 333 2707 me
348 2666 405 2727 per
421 2642 550 2706 latorem
567 2643 771 2727 praesentium
788 2644 968 2707 certioretis.
1011 2645 1098 2707 Prae·

147 2760 233 2812 terea
247 2746 346 2812 nolite
361 2743 505 2809 oblivisci
522 2745 654 2808 verbum
672 2743 899 2827 Lugdunense,
913 2744 997 2809 unde
1013 2744 1100 2807 solli·

145 2850 267 2915 citastis
282 2848 446 2911 dominum
465 2848 641 2911 Henricum
661 2845 822 2908 Pisanum.

187 2949 311 3026 Valete,
334 2962 366 3012 et
389 2948 530 3011 reducite
552 2947 592 3010 ad
624 2946 818 3022 memoriam,
845 2968 941 3030 quam
965 2945 1100 3030 impiger

144 3052 183 3116 ad
199 3051 391 3136 obsequium
417 3050 475 3114 Dei
491 3048 588 3112 fuerit
610 3048 753 3111 decessor
770 3062 872 3111 vester
894 3071 931 3111 ea
945 3049 1014 3132 ipsa
1036 3048 1098 3130 die,

145 3178 210 3240 qua
230 3154 321 3219 obiit.
365 3150 498 3215 Valeant
514 3173 623 3213 omues
638 3150 744 3213 vestri.
787 3150 912 3214 Salutat
928 3174 983 3213 vos
999 3151 1098 3216 abbas

144 3279 245 3336 meus,
259 3268 292 3319 et
315 3254 481 3339 episcopus
497 3252 749 3330 Catalaunensis,
764 3275 836 3315 curn
856 3276 921 3337 quo
944 3252 1098 3339 loquutus

145 3381 229 3435 sum,
247 3370 284 3422 ut
306 3379 404 3419 unum
421 3356 460 3417 de
484 3354 605 3418 clericis
627 3353 738 3417 vestris
757 3354 900 3438 recipiat,
921 3355 976 3439 qui
994 3356 1097 3419 libens

145 3457 328 3546 acquiescit,
351 3457 384 3523 id
408 3457 577 3520 dumtaxat
592 3469 712 3540 petens,
738 3471 774 3520 ut
796 3456 934 3541 aliquem
958 3458 1096 3540 probum

145 3562 304 3625 bominem
339 3560 482 3623 mittatis.
542 3559 687 3643 Recipiet
721 3573 826 3623 tamen
862 3581 1096 3644 quemcumque

144 3662 304 3726 miseritis.
349 3664 414 3724 Vos
436 3673 542 3723 autern
565 3658 665 3723 sicubi
689 3660 924 3723 transmiseritis
946 3659 1096 3744 aliquem,

143 3763 290 3829 instruite
313 3784 398 3838 eum,
415 3774 452 3825 ut
475 3762 616 3824 modeste
640 3784 671 3823 se
695 3760 831 3825 habent:
855 3761 931 3843 quia
955 3760 1095 3823 homines

143 3866 238 3951 hujus
254 3864 343 3949 regni
359 3862 494 3927 modesti
510 3876 595 3925 sunt.
