3034 5500
280 760 477 840 tlte-ut]
671 778 851 824 arrsroca.
1195 771 1238 831 87

273 931 415 996 calibem
433 931 537 995 vitam
555 928 665 1013 ignara
678 931 813 1016 conjuge
831 931 972 1012 simulas,
987 937 1037 998 vel
1057 933 1088 998 in
1104 935 1236 1001 alterius

276 1032 387 1099 transis
412 1035 608 1118 amplexus?
639 1032 772 1118 proinde
803 1044 870 1098 tota
894 1033 959 1097 fere
989 1035 1084 1121 culpa
1108 1036 1237 1110 videtur

274 1156 341 1199 esse
366 1133 562 1220 presbyteri,
588 1132 729 1199 mulieris
755 1155 848 1220 aeque
874 1136 963 1212 levis,
989 1137 1048 1201 nisi
1075 1152 1236 1224 quatenus
1312 1187 1314 1190 ι

275 1258 431 1300 consensu
453 1232 606 1310 secundo,
629 1256 669 1298 ex
693 1257 759 1319 quo
784 1238 922 1320 primum
947 1237 1051 1302 virum
1073 1262 1236 1324 superesse

277 1339 442 1423 cognovit,
459 1335 590 1401 secundi
609 1336 669 1401 viri
685 1336 814 1422 quidem
830 1352 886 1402 aut
909 1341 1039 1404 omnino
1061 1341 1161 1415 nulla,
1178 1355 1235 1407 aut

277 1455 362 1504 certe
387 1440 532 1514 minima,
555 1439 615 1502 nisi
642 1450 674 1501 et
700 1441 768 1524 ipse
795 1440 879 1503 forte
905 1441 1020 1524 prioris
1045 1443 1236 1507 matrimonii

277 1541 424 1606 conscius
444 1540 551 1604 suerit.
597 1540 681 1618 Quia
701 1564 779 1624 ergo
802 1542 951 1606 secundae
971 1565 1045 1627 quae
1065 1545 1142 1608 visae
1162 1560 1238 1608 sunt

279 1666 341 1707 non
364 1645 499 1709 fuerunt
522 1643 656 1727 nuptiae,
680 1643 815 1707 maritus
842 1644 999 1727 posterior
1026 1647 1051 1708 si
1077 1647 1239 1710 continere

280 1768 344 1809 uon
359 1758 477 1831 potest,
493 1755 627 1809 autnon
643 1746 725 1820 vult,
742 1746 832 1830 quod
851 1745 935 1810 forte
956 1747 1056 1832 magis
1076 1747 1240 1834 expediret

283 1859 416 1932 propter
430 1846 555 1923 liberos,
571 1869 669 1930 quam
690 1844 830 1911 voluerit
851 1847 959 1926 ducat,
977 1864 1101 1914 tantum
1123 1850 1155 1913 iu
1174 1851 1239 1915 Do-

284 1953 383 2015 mino.
430 1950 599 2034 Presbyter
614 1972 702 2029 vero,
719 1950 776 2034 qui
792 1973 919 2015 causam
936 1951 1027 2016 dedit
1041 1951 1183 2028 dissidio,
1198 1953 1240 2018 ad

282 2051 514 2117 restitutionem
530 2052 616 2116 dotis
631 2066 758 2116 tenetur
775 2053 880 2131 uxori,
894 2054 1067 2139 praesertim
1084 2078 1186 2140 quum
1206 2057 1238 2119 in

282 2154 455 2242 praeseutiu
470 2169 584 2234 vestra,
600 2155 632 2219 in
650 2155 747 2218 verbo
764 2156 917 2232 veritatis,
932 2156 1021 2241 quod
1036 2157 1122 2221 omni
1138 2158 1239 2244 stipu-

280 2255 393 2323 lationi
416 2258 581 2342 proevalet‚
606 2257 639 2320 in
666 2280 720 2321 ore
745 2257 916 2322 sacerdotis
939 2280 973 2323 se
999 2259 1238 2324 aestimationem

281 2358 369 2425 iliius
398 2358 582 2444 promiserit
609 2358 821 2423 redditurum.
867 2362 900 2423 Si
929 2358 1008 2444 quid
1037 2374 1145 2426 autem
1176 2363 1240 2426 sin·

281 2461 388 2527 ceriue
410 2473 444 2523 et
467 2459 577 2524 utilius
600 2484 619 2522 a
641 2460 780 2524 Domino
804 2462 928 2526 caritati
953 2476 1066 2528 vestrae
1087 2464 1241 2540 illuxerit,

280 2586 321 2627 ex
342 2561 449 2626 officio
471 2573 578 2625 vestro
600 2560 680 2625 illud
702 2566 838 2647 explete.
885 2568 953 2628 Nos
975 2568 1059 2629 enim
1082 2565 1143 2629 ista
1169 2588 1242 2629 cou-

280 2664 417 2729 sulendo
436 2665 701 2750 praescripsimus,
717 2665 784 2728 sine
805 2666 993 2752 praejudicio
1013 2668 1177 2731 senteutiae
1195 2689 1242 2730 sa-

281 2767 395 2843 nioris,
409 2767 561 2854 episcopo
583 2765 806 2830 Lincolniensi.
855 2766 1037 2850 Presbyter,
1054 2790 1146 2850 quem
1170 2789 1241 2831 curn

281 2869 393 2935 latrice
416 2872 621 2954 praesentium
637 2881 761 2932 constat
778 2868 1014 2929 matrimonium
1038 2867 1242 2944 contraxisse,

280 2973 361 3058 quia
384 2970 536 3036 adulterii
559 2993 684 3033 causam
711 2967 811 3046 dedit,
833 2981 865 3029 et
891 2989 990 3030 uxore
1013 2966 1121 3032 relicta
1144 2990 1244 3032 sacer-

282 3074 410 3140 dotium
442 3073 623 3158 usurpavit‚
651 3070 807 3135 arcendus
831 3083 878 3133 est
903 3093 922 3132 a
953 3068 1127 3132 ministerio
1157 3070 1243 3155 quod

283 3178 502 3262 proesumpsit,
523 3197 626 3260 quum
654 3197 733 3238 uxor
757 3174 827 3259 ejus
850 3170 1074 3237 continentiam
1102 3171 1243 3256 elegerit.

288 3278 441 3344 sslicitum
458 3289 507 3340 est
527 3276 715 3361 presbytero
734 3275 837 3339 redire
855 3273 896 3341 ad
918 3274 1048 3359 nuptias
1071 3297 1150 3361 quas
1170 3296 1244 3339 cou-

285 3379 427 3467 tempsit.
475 3379 689 3442 Continentia
716 3377 874 3462 siquidem
904 3390 1013 3440 votum
1040 3376 1135 3441 sacris
1159 3377 1244 3441 ordi-

285 3482 381 3547 nibus
407 3495 468 3545 aut
496 3502 696 3565 expressum,
718 3492 776 3542 aut
799 3480 895 3543 tacite
920 3479 1074 3543 insertum
1104 3492 1163 3557 est,
1186 3502 1243 3544 nec

286 3584 418 3669 prodest
433 3582 633 3668 presbytero,
645 3580 730 3667 quod
749 3604 782 3644 ae
799 3597 940 3660 ternpore
955 3579 1156 3644 continentiae
1171 3581 1244 3646 aub-

285 3684 457 3750 diaconum
482 3684 582 3748 fuisse
607 3682 732 3769 juravit
757 3682 843 3747 solus
873 3694 1028 3765 praesente
1056 3695 1086 3745 et
1118 3696 1245 3764 petente

286 3785 417 3850 domino
434 3785 652 3867 Wigornensi,
668 3806 768 3869 quum
785 3783 868 3846 idem
887 3781 1082 3868 disquirente
1096 3784 1245 3870 episcopo

287 3885 478 3954 cicestrensi
494 3909 527 3950 se
542 3886 698 3973 dejerasse
713 3886 879 3949 confessus
890 3885 940 3949 sit.
973 3884 1122 3948 Profecto
1134 3885 1159 3948 si
1171 3886 1246 3950 sub-

286 3989 441 4055 diaconus
466 3989 622 4054 contraxit
650 3988 901 4065 matrimonium,
927 3987 1038 4050 ordine
1061 4001 1245 4074 contempto

286 4107 317 4156 et
350 4106 507 4158 temerato
537 4090 712 4155 sacerdotio
735 4090 887 4173 indiguus
913 4104 979 4153 est:
1013 4089 1040 4152 si
1066 4088 1245 4173 acolythus,

285 4219 378 4280 arque
409 4206 596 4277 contempto
626 4190 802 4256 sacerdotio
831 4190 981 4276 indignus
1011 4203 1068 4263 est,
1102 4204 1134 4253 et
1164 4213 1245 4275 prae·

287 4310 434 4382 sumpto;
459 4307 610 4358 caeterum
627 4293 681 4378 qui
699 4293 830 4357 dissidio
845 4313 971 4355 causam
994 4290 1083 4355 dedit
1100 4290 1139 4353 ad
1157 4293 1247 4352 resti-

287 4399 448 4463 tutionem
477 4395 562 4459 dotis
588 4406 714 4459 tenetur
745 4393 846 4467 rrxori,
876 4391 1048 4478 praesertim
1076 4411 1187 4475 quum,
1213 4388 1245 4451 in
