3034 5500
396 756 438 818 58
645 769 782 815 sonorus
796 767 1071 813 snassnnnrnusrs
1249 750 1295 825 [a.
1310 766 1340 810 n.

396 925 513 987 Ratam
528 921 653 999 habete,
668 922 693 985 si
710 920 825 1006 placet,
840 918 1078 1005 dispositionem
1096 939 1213 994 meam,
1228 932 1262 981 et
1275 939 1340 984 eam

395 1023 584 1088 transmissis
598 1023 639 1086 ad
654 1021 802 1087 officiales
812 1031 932 1085 vestros
947 1019 1133 1106 patentibus
1144 1018 1260 1083 litteris
1274 1043 1341 1084 oon·

394 1125 528 1191 firmate.
573 1125 688 1210 Neque
716 1125 799 1188 enim
830 1123 1002 1209 quicquam
1025 1121 1094 1186 auri
1124 1138 1269 1208 superest
1299 1122 1342 1187 rel

395 1231 532 1314 argenti,
553 1226 609 1291 sed
630 1226 779 1291 victualia
799 1237 925 1290 tantum
948 1238 980 1288 et
995 1247 1070 1309 quoe
1091 1245 1211 1308 magno
1232 1222 1343 1287 damno

396 1343 546 1416 poterunt
560 1353 627 1395 esse
643 1332 755 1393 amissa
771 1326 980 1415 pauperibus,
995 1340 1027 1391 et
1042 1325 1135 1391 vobis
1149 1324 1242 1391 nullo
1256 1339 1344 1390 eruut

395 1432 618 1512 emolumento,
633 1432 683 1496 vel
699 1432 838 1497 minimo.

442 1627 682 1694 EPISTOLA
709 1626 871 1690 LV.-ao
886 1643 1077 1689 naumann
1095 1644 1189 1690 norr.
1206 1645 1309 1693 arrsc.

633 1772 770 1833 Woltero
782 1768 925 1854 Roffimsi
940 1767 1108 1850 Episcopo.

444 1917 626 1980 Gnavmnn
653 1912 786 1976 offendit
808 1912 841 1974 in
866 1908 1042 1987 Christum,
1072 1911 1123 1974 cui
1151 1911 1183 1975 in
1214 1912 1346 1979 fratrum

400 2017 521 2081 unitate
536 2014 766 2080 amoenissimus
788 2015 893 2077 factus
907 2029 954 2076 est
979 2013 1078 2086 locus,
1100 2014 1157 2099 qui
1174 2038 1213 2079 ea
1228 2039 1304 2102 quae
1317 2016 1346 2080 in

399 2117 495 2181 domo
515 2119 586 2203 ejus
607 2117 648 2180 ad
670 2136 778 2201 pacem
799 2116 989 2192 factasunt,
1011 2116 1126 2180 nititur
1148 2121 1345 2203 perturbare.

400 2219 467 2282 Nos
486 2232 591 2282 autem
613 2218 852 2284 cantuariensis
872 2216 1011 2282 ecelesiae
1034 2241 1158 2304 semper
1179 2219 1348 2286 dileximus

399 2341 519 2407 pacem,
542 2333 573 2385 et
597 2321 737 2384 Domino
758 2320 910 2407 propitio,
932 2321 1024 2384 nobis
1038 2321 1070 2385 in
1093 2321 1210 2387 fratres
1229 2339 1349 2388 nostros

401 2422 542 2487 caritatis
551 2423 584 2487 iu
596 2423 664 2487 dies
674 2422 807 2509 profecit
820 2424 963 2502 affectus,
974 2438 1004 2486 et
1017 2423 1058 2486 ab
1067 2423 1112 2487 eis
1123 2438 1196 2510 post
1209 2438 1350 2512 tempora

402 2537 511 2589 nostra
519 2547 645 2589 omnem
655 2524 775 2588 auferri
787 2527 934 2612 cupimus
946 2510 1107 2590 materiam
1119 2526 1350 2593 scandalorum.

402 2625 455 2690 Ex
478 2638 587 2690 nostra
607 2623 718 2713 itaque
746 2625 937 2689 conscientia
967 2626 1095 2690 idoneos
1117 2649 1177 2712 pro
1199 2625 1350 2692 facultate

400 2727 549 2795 custodes
563 2728 764 2817 praefecimus
777 2727 892 2804 ordini,
908 2740 939 2793 et
955 2751 1094 2815 quorum
1109 2727 1287 2794 ministerio
1297 2752 1351 2817 per

402 2833 536 2918 gratiam
554 2834 685 2899 Domini
703 2832 773 2919 jam
787 2831 876 2896 annis
898 2829 1045 2917 pluribus
1060 2829 1172 2918 religio
1193 2834 1349 2919 profecit:

401 2947 434 3000 et
448 2939 634 3002 extrinseca
654 2933 886 2999 administratio
905 2933 1108 3019 possessionis
1129 2933 1225 3000 solito
1246 2934 1350 3001 iauda-

403 3038 544 3103 dabilius
557 3049 726 3124 procurata
742 3053 800 3101 est.
831 3037 925 3114 Quod
940 3060 1017 3120 ergo
1038 3036 1220 3115 statuimus,
1244 3052 1348 3103 aucto

403 3141 497 3204 ritate
512 3161 578 3223 qua
589 3138 752 3221 fungimur
764 3162 889 3202 manere
905 3139 1107 3227 praecipimus
1121 3140 1352 3223 inconvulsum,

403 3255 435 3305 et
452 3240 571 3326 priores
586 3240 685 3302 amori
701 3239 831 3305 utilitati
846 3242 1045 3306 subditorum
1061 3242 1217 3321 insistere,
1233 3256 1267 3310 et
1282 3245 1353 3309 sub·

404 3343 491 3407 ditos
512 3341 544 3404 in
566 3338 652 3404 omni
675 3341 856 3406 humilitate
877 3358 909 3407 et
932 3346 1118 3424 reverentia,
1139 3344 1205 3410 suis
1226 3346 1353 3411 obedire

404 3443 556 3533 praelatis.
579 3442 759 3509 Walterum
772 3467 912 3532 quoque,
924 3468 1015 3531 quem
1028 3448 1071 3510 ob
1082 3470 1172 3511 suam
1185 3471 1248 3512 non
1260 3453 1354 3514 eccle-

405 3547 461 3614 siae
475 3546 613 3632 cuipam,
629 3569 648 3609 a
663 3547 806 3633 prioratu
822 3548 1011 3625 amovimus,
1021 3550 1062 3614 ab
1069 3549 1171 3614 officio
1182 3552 1352 3637 prioratus,

403 3664 435 3715 et
451 3647 681 3734 subprioratus,
691 3663 723 3712 et
735 3647 820 3712 omni
832 3649 1029 3734 praelatioue,
1038 3649 1171 3729 ordinis,
1180 3650 1213 3715 in
1225 3650 1353 3716 ecclesia

404 3750 625 3819 cantuariensi
640 3751 672 3813 in
689 3763 880 3837 perpetuum
896 3752 1131 3830 submovemus,
1152 3752 1354 3839 indulgentes

403 3868 509 3919 tamen
531 3852 572 3931 ei,
595 3853 620 3917 si
642 3853 791 3939 pacificus
812 3853 920 3929 fuerit,
936 3853 1130 3919 consortium
1151 3856 1302 3936 fratrum,
1322 3869 1354 3920 et

403 3956 670 4021 cohabitationem
690 3955 928 4022 cantuariensis
942 3956 1099 4021 ecclesiae:
1123 3969 1154 4021 et
1171 3957 1196 4021 si
1212 3957 1355 4023 laudabi-

403 4056 476 4121 liter
498 4080 531 4120 se
552 4058 699 4143 privatus
721 4056 883 4133 habuerit,
898 4080 971 4120 eum
994 4056 1035 4119 ad
1057 4057 1135 4122 alias
1156 4058 1354 4124 obedientias

403 4156 542 4221 eeclesiae
555 4172 683 4234 nostrae,
695 4158 744 4219 vel
757 4158 797 4220 ad
808 4157 938 4223 alterius
947 4158 1085 4223 ecclcsiae
1098 4160 1239 4245 regimen
1249 4183 1354 4225 ascen·

404 4259 479 4324 dere
491 4283 553 4324 non
565 4273 720 4339 vetamus,
728 4259 806 4322 dum
819 4260 858 4323 ad
876 4262 1051 4347 prioratum
1061 4277 1093 4327 et
1105 4263 1352 4350 subprioratum,

405 4377 437 4427 et
447 4361 812 4426 taeterasclavesordinis
822 4362 1007 4428 interdictas
1018 4367 1352 4453 nequaquamaspiret.
