3034 5500
292 746 351 805 106
544 758 679 804 rosunrs
696 756 974 802 saansnnmausts
1150 736 1195 816 [s.
1211 754 1237 800 n.

286 908 424 996 publiea
442 907 564 995 aliquid
587 907 762 993 indulgere.
811 907 844 969 Si
867 906 950 970 enim
969 926 1045 969 vera
1069 917 1234 990 suntque

284 1011 435 1076 dicuntur
456 1034 476 1075 a
498 1009 717 1084 redeuntibus,
736 1022 769 1072 et
791 1008 912 1072 utinam
933 1029 1011 1071 vera
1034 1007 1112 1086 sint,
1133 1029 1186 1070 rex
1207 1021 1236 1072 et

283 1124 353 1176 tota
378 1109 466 1176 curia
490 1109 570 1174 adeo
596 1109 737 1197 pendent
763 1109 804 1173 de
825 1107 956 1171 consilio
979 1120 1100 1187 vestro,
1123 1122 1160 1171 ut
1185 1131 1235 1172 nee

283 1234 353 1298 spes
372 1211 460 1298 pacis
476 1209 651 1288 immineat,
667 1209 725 1273 nisi
748 1231 816 1272 eam
833 1222 940 1272 vestra
962 1208 1140 1293 prudentia
1160 1231 1236 1295 prae·

283 1313 410 1399 figuret.
456 1312 552 1377 Unde
577 1311 728 1376 dominus
753 1334 843 1375 meus
869 1309 1068 1396 quandoque
1094 1310 1235 1375 haesitare

283 1415 382 1502 eoepit
398 1414 477 1501 quid
494 1414 534 1478 sit
550 1413 639 1500 quod
654 1413 804 1477 dominus
818 1435 874 1477 rex
890 1427 923 1477 et
940 1435 996 1476 vos
1011 1433 1112 1498 super
1133 1414 1234 1478 reditu

283 1531 392 1582 vestro
414 1515 606 1581 maturando
627 1528 685 1579 aut
705 1514 882 1579 differendo
898 1513 1061 1580 interdum
1078 1515 1235 1581 contraria

283 1618 470 1704 postulastis
480 1632 512 1683 et
521 1617 668 1692 scribitis,
680 1639 781 1703 quum
791 1617 824 1680 in
835 1639 912 1680 aure
924 1629 957 1682 et
966 1639 1022 1680 ore
1034 1615 1127 1703 vulgi
1138 1631 1234 1692 sonet,

285 1720 377 1785 vobis
389 1743 459 1786 esse
472 1743 529 1786 eor
546 1742 643 1784 unum
660 1733 692 1783 et
707 1719 842 1782 animam
861 1740 969 1794 unam,
982 1716 1032 1781 vel
1045 1732 1180 1803 urgente
1192 1719 1236 1782 sn-

285 1823 475 1889 miliaritatis
489 1824 600 1887 amica
615 1821 744 1888 stimulo
755 1821 838 1885 idem
849 1819 941 1899 velle‚
949 1835 982 1885 et
994 1820 1079 1884 idem
1093 1820 1177 1884 nolle
1187 1844 1235 1884 ne·

283 1947 368 1988 cesse
378 1925 420 1989 sit
430 1926 528 1990 vobis.
562 1924 718 2002 Quaesivit
728 1922 822 1987 etiam
833 1921 1077 2008 quandoquean
1088 1922 1233 2008 aliquain

283 2047 318 2089 re
327 2025 388 2089 ista
400 2038 507 2110 posset
518 2049 584 2088 esse
594 2024 735 2089 collusio.
770 2025 816 2088 Et
824 2047 895 2107 ego,
905 2022 984 2109 quid
996 2023 1113 2088 veritas
1122 2024 1233 2089 habeat

284 2125 361 2189 mihi
378 2125 487 2189 videor
506 2124 701 2212 praesentire,
718 2138 750 2188 et
774 2124 1014 2210 quodammodo
1037 2139 1159 2190 statum
1184 2126 1235 2190 ab·

282 2229 380 2292 sentis
407 2237 441 2290 et
468 2226 641 2290 laborantis
671 2225 916 2312 praesentialiter
943 2227 1073 2291 intueri.
1129 2229 1232 2306 Quum

282 2326 1233 2413 itaquelitterasconceptasdamnarecompellerer,fluctuare

281 2427 374 2515 coepi,
401 2450 440 2492 an
469 2428 634 2514 expediret
662 2429 809 2492 nuntium
842 2427 943 2513 magis
967 2432 1114 2510 retinere,
1138 2452 1231 2515 quam

281 2528 418 2593 mittere.
465 2527 526 2593 Sed
542 2531 620 2613 quia
639 2529 706 2613 jam
722 2542 854 2615 accepta
878 2528 1015 2604 lieentia,
1032 2552 1130 2616 quam
1154 2553 1231 2616 prae·

281 2627 452 2693 machinati
466 2651 604 2706 eramus,
619 2651 804 2712 egressurus
819 2641 898 2710 erat,
913 2629 995 2694 sedtt
1016 2630 1147 2695 tandem
1169 2631 1231 2694 ani·

283 2752 345 2809 mo,
375 2743 514 2795 vestrum
545 2729 684 2794 animum
714 2730 892 2815 explorare,
923 2730 1109 2818 litterasque
1138 2755 1231 2818 quam

281 2843 432 2917 urgentes
454 2829 559 2918 potui,
574 2830 645 2896 licet
668 2831 791 2917 aliquid
814 2831 981 2916 indulgeat
1003 2832 1101 2917 regias
1126 2831 1233 2896 volun·

282 2932 353 3011 tati,
380 2933 470 2998 vobis
495 2946 527 2998 et
552 2933 598 2996 illi
626 2933 839 2998 transmittere
865 2933 1046 3018 procuravi.
1093 2934 1231 3019 Porrigit

281 3057 339 3119 per
364 3058 419 3100 vos
442 3048 473 3099 et
499 3057 555 3120 per
579 3036 702 3099 litteras
726 3059 801 3100 suas
825 3057 933 3121 preces
955 3035 1106 3100 dominus
1128 3050 1231 3101 noster

281 3136 378 3219 regiae
393 3136 561 3220 majestati,
577 3137 770 3223 confiditque
786 3162 818 3201 se
834 3138 899 3201 lore
914 3136 1122 3216 audiendum,
1137 3140 1163 3203 si
1179 3162 1231 3202 vos

280 3257 409 3320 operam
436 3234 585 3300 dederitis
615 3241 839 3322 promovendis
867 3240 940 3306 illis.
995 3241 1063 3304 Nec
1091 3262 1229 3328 unquam

281 3335 407 3399 memini
438 3336 544 3421 ipsum
580 3337 701 3423 aliquid
732 3341 936 3405 affectuosius
966 3340 1164 3425 postulasse:
1201 3353 1231 3405 et

280 3434 408 3522 quidem
425 3436 564 3502 honestae
580 3452 666 3515 sunt,
683 3452 714 3503 et
729 3464 811 3526 quas
821 3442 947 3527 justum
964 3454 1008 3504 est
1027 3442 1187 3521 exaudiri,
1200 3455 1230 3506 et

280 3561 416 3626 quarum
433 3539 558 3626 repulsa
573 3541 599 3604 ei
617 3563 678 3604 non
696 3543 791 3607 modo
806 3543 1036 3620 confusionem,
1052 3543 1108 3607 sed
1125 3555 1157 3608 et
1172 3543 1230 3607 dit-

280 3642 441 3707 fidentiam
468 3644 592 3730 gratiae,
619 3653 716 3731 qua'm
743 3668 867 3731 semper
896 3646 1070 3730 promereri
1097 3643 1231 3724 studuit,

280 3767 376 3831 super
396 3747 502 3811 omnia
516 3748 702 3834 reportabit.
748 3752 821 3813 Hoc
844 3762 951 3813 autem
966 3761 1014 3814 est
1039 3762 1076 3812 ut
1098 3747 1141 3812 de
1163 3771 1231 3835 pro-

280 3849 436 3913 movendo
459 3850 490 3913 in
512 3853 642 3915 ecclesia
665 3852 840 3916 Exoniensi
864 3852 1016 3938 magistro
1041 3850 1229 3933 B[artholo·

279 3955 374 4033 maeo]
388 3952 560 4017 Exoniensi
573 3953 806 4032 archidiacon0,
817 3955 886 4020 viro
895 3955 1029 4019 honesto
1037 3965 1070 4018 et
1079 3954 1229 4030 litterato,

278 4065 310 4117 et
325 4075 461 4139 proquo
474 4055 646 4141 fidejubere
658 4056 768 4139 audet,
781 4058 903 4142 regium
914 4078 1102 4121 consensum
1115 4068 1150 4121 et
1161 4078 1230 4119 auc·

279 4154 438 4220 toritatem
454 4156 614 4220 obtineat:
647 4180 795 4244 saepeque
820 4157 1031 4224 familiaribus
1054 4159 1122 4222 suis
1144 4157 1229 4233 dicit,

277 4257 339 4322 illis
352 4271 455 4323 tamen
467 4258 635 4337 duntaxat,
647 4260 766 4345 quibus
781 4261 841 4325 hoe
853 4260 984 4324 verbum
997 4262 1228 4324 communicare

277 4359 359 4440 lieet,
383 4384 414 4423 se
442 4382 503 4424 nou
528 4359 658 4425 multam
689 4362 805 4426 habere
827 4362 961 4446 gratiam
990 4361 1113 4426 domini
1138 4362 1228 4444 regis,
