3034 5500
283 751 346 811 802
528 759 664 805 ioannis
683 754 964 803 saaasnsutnnsrs
1146 746 1189 819 [Α.
1205 758 1231 801 n.

281 917 405 980 itineris
434 915 541 991 vestri,
567 927 599 976 et
627 911 758 988 laboris,
783 921 817 974 et
840 909 934 972 sortis
958 909 1028 972 t'oro
1048 920 1231 974 consortem.

283 1020 368 1081 Nam
383 1018 417 1081 iu
433 1034 546 1080 omncs
558 1012 744 1096 hujusmodi
761 1032 856 1075 casus
870 1021 1004 1093 paratus
1020 1032 1104 1089 sum,
1114 1022 1234 1074 auctore

281 1120 434 1195 Domino,
450 1138 508 1202 pro
530 1116 684 1180 fidelitate
707 1114 855 1179 ecclesias
877 1124 911 1174 et
928 1123 1055 1176 vestra:
1084 1113 1113 1176 si
1136 1124 1234 1176 tamen

280 1220 437 1302 placuerit
456 1231 491 1282 ut
505 1218 597 1281 vobis
611 1236 789 1292 occurram,
803 1237 855 1278 mc
871 1213 952 1277 tanti
968 1213 1124 1297 temporis
1140 1215 1235 1297 spatio

280 1321 480 1406 praemunite,
493 1332 529 1384 ut
539 1319 582 1383 sd
590 1321 697 1382 locum
709 1331 741 1381 ct
753 1318 850 1394 diam,
862 1337 962 1400 quem
973 1315 1235 1400 praescripseritis,

281 1420 453 1486 commode
467 1421 590 1483 valeam
606 1418 782 1500 pertenire.
827 1417 914 1479 Nam

457 1544 938 1609 -mncmursumoritnlln

283 1673 360 1737 licet
385 1671 500 1735 multas
525 1668 611 1731 domi
635 1691 693 1752 pro
714 1679 855 1749 tempore
881 1665 1081 1729 necessarias
1108 1666 1236 1729 babeam

283 1770 525 1852 occupationes,
541 1780 606 1830 tum
630 1788 673 1830 ex
694 1764 846 1828 instantia
868 1759 997 1825 abbatis
1020 1763 1095 1840 mei,
1111 1764 1177 1825 tum
1197 1783 1236 1826 ex

285 1872 456 1955 praesentia
471 1871 540 1933 Gir.
561 1867 787 1943 archidiaconi,
806 1884 942 1948 quorum
967 1864 1146 1945 desideriis,
1161 1867 1236 1929 sicut

285 1973 389 2052 vobis,
404 1971 515 2036 deesse
530 1994 595 2035 non
610 1991 754 2055 possum.

284 2259 507 2322 EPISTOLA
524 2258 1005 2322 cmxxiii—ansultam.
1025 2254 1115 2334 [an.
1134 2257 1236 2337 tlon]

426 2406 551 2470 mone
569 2407 807 2470 Castulonensi
820 2392 966 2468 Jonitnes
981 2404 1111 2467 Soresb.

330 2530 514 2606 ernuuas,
530 2552 611 2615 quas
624 2530 665 2594 ad
687 2531 940 2595 consolationem
956 2544 1107 2607 vestram,
1121 2545 1155 2596 et
1169 2534 1238 2595 sub·

284 2634 477 2697 levationem
497 2633 651 2713 ecclesiae,
666 2644 741 2716 post
761 2635 890 2714 longum
911 2633 1043 2696 tandem
1060 2635 1194 2697 axilium
1209 2646 1240 2698 et

286 2735 553 2822 proscriptionem
579 2735 685 2812 vestri,
710 2744 743 2799 et
768 2746 942 2798 vestromm
973 2735 1131 2813 omnium,
1155 2737 1240 2800 robis

287 2837 370 2920 patri
400 2859 470 2915 sno,
499 2837 559 2899 filii
597 2835 840 2901 cantuariensis
875 2834 1035 2913 ecclesiis,
1064 2838 1185 2916 frames,
1212 2850 1242 2902 et

286 2939 472 3022 coepiscopi
507 2936 598 3001 vestri
636 2959 740 3021 nuper
776 2939 1029 3015 transmiserunt,
1058 2938 1241 3023 diligentius

285 3042 442 3123 relegens,
470 3040 550 3102 nihil
587 3040 786 3124 probabilius
815 3061 856 3103 ex
894 3060 1004 3103 earum
1039 3043 1240 3127 inspectione

287 3143 377 3225 potui
401 3142 538 3225 opinari,
556 3163 653 3226 quam
677 3161 732 3205 aas
757 3141 894 3205 consilio
918 3139 1125 3226 Acbitopbel,
1146 3165 1240 3228 quem

287 3239 440 3309 credibile
456 3244 550 3306 estin
567 3243 742 3327 perniciem
758 3242 901 3306 fidelium
917 3243 959 3305 ab
973 3243 1086 3308 inferis
1100 3245 1242 3322 rediisse,

286 3366 344 3428 per
359 3365 489 3406 manum
505 3343 613 3407 Docth
623 3342 770 3422 Idumaei,
780 3345 916 3408 sitientis
931 3343 1038 3410 adhuc
1054 3348 1239 3429 sangtnnom

287 3448 500 3520 sacerdotum,
512 3459 544 3510 ct
553 3447 736 3531 querentis,
748 3459 782 3511 et
792 3448 1014 3512 insatiabiliter
1022 3450 1241 3536 persequentis

285 3550 423 3613 animam
451 3548 584 3626 Christi,
611 3549 665 3632 qui
691 3550 725 3611 in
755 3551 932 3613 electorum
962 3548 1028 3615 fide
1053 3563 1087 3615 et
1113 3553 1240 3615 caritate

285 3652 373 3726 vivit,
388 3648 483 3714 titisse
500 3650 646 3715 dictatas.
691 3652 746 3716 Sic
764 3653 850 3715 enim
872 3664 1059 3736 pervertunt
1073 3655 1193 3731 omnin,
1206 3666 1241 3718 ut

285 3754 389 3817 cnivis
403 3755 452 3818 vel
466 3774 578 3837 parum
595 3754 787 3836 intelligenti
809 3756 1017 3838 perspicuum
1033 3758 1088 3831 sit,
1102 3769 1239 3822 mentem

285 3879 391 3920 aarum
406 3859 502 3939 longe
518 3878 588 3920 esse
603 3858 644 3919 ab
660 3857 812 3940 opinione
827 3859 1001 3922 communi.
1048 3860 1115 3924 Sed
1130 3884 1150 3925 a
1163 3860 1241 3924 veri·

284 3968 349 4020 tate
380 3959 507 4039 longius
536 3958 650 4023 distat:
690 3980 830 4041 namque
859 3979 972 4022 omnes
1000 3961 1181 4039 blanditie,
1208 3971 1239 4024 et

284 4057 440 4141 exquisiti
464 4059 590 4122 colores
618 4081 658 4122 eo
688 4059 839 4137 tendunt,
863 4072 899 4124 ut
927 4062 989 4125 sub
1015 4063 1241 4146 appellationi

285 4170 447 4244 praetextu
469 4159 543 4242 jure
574 4160 719 4225 videatur
752 4160 987 4225 subvertendus
1016 4184 1091 4228 emo
1120 4165 1240 4228 muna

284 4260 500 4336 sacerdotum,
521 4262 625 4340 Nobc,
648 4261 704 4346 qui
729 4262 860 4325 vertitur
882 4261 915 4324 in
938 4264 1101 4343 latratum,
1124 4264 1240 4350 signifi·

284 4377 399 4449 eatque
422 4374 584 4446 pastomm
607 4365 756 4428 ecclesiae
778 4364 967 4447 diligentem
990 4367 1186 4447 custodiam,
1205 4378 1240 4430 ut
