3034 5500
268 778 333 837 290
528 785 665 831 ausurus
680 782 966 828 stassasatsssrs
1135 769 1220 849 [aa

273 963 347 1023 rege
361 953 394 1004 et
413 941 511 1005 serris
532 939 623 1004 suis?
655 936 708 1000 Illi
729 937 927 1013 tamenetsi
949 939 1081 1020 queruli
1099 951 1133 1003 et
1150 961 1224 1004 mur·

273 1055 457 1117 mutatores,
474 1055 579 1107 tamen
594 1039 723 1122 sequuti
738 1050 814 1102 sunt
835 1039 1002 1120 Moysem.
1047 1042 1095 1105 Et
1115 1043 1224 1106 uuna·

273 1146 307 1208 bi
320 1145 376 1228 qui
388 1143 484 1208 modo
496 1151 673 1228 queruntur
683 1129 716 1205 e‘t
727 1151 938 1214 murmurant,
949 1141 1090 1207 Domini
1100 1165 1225 1228 sequa·

272 1259 324 1313 tur
337 1248 451 1330 legem.
497 1244 594 1318 Quod
608 1246 635 1308 si
651 1243 798 1320 iecerint,
812 1243 1013 1307 convenient
1025 1244 1105 1309 hinc
1120 1266 1226 1327 regan,

273 1345 351 1410 inde
379 1346 670 1428 archiepiscopum,
698 1355 733 1407 et
770 1363 866 1425 quem
895 1343 930 1407 iu
960 1343 1064 1425 culpa
1092 1345 1227 1423 viderint,

273 1449 381 1531 palam
402 1460 549 1529 arguent,
570 1457 603 1509 et
625 1466 643 1507 e
667 1443 792 1509 diverso
816 1443 950 1508 stabunt
976 1465 1041 1508 nec
1068 1466 1226 1520 comeum,

276 1561 332 1615 aut
355 1549 609 1613 dissimulatione
635 1541 747 1610 alienae
778 1544 970 1628 iniquitatis,
998 1557 1153 1612 contactu
1175 1549 1227 1612 im·

277 1651 444 1717 munditiae
459 1651 654 1734 polluentur.

318 1887 540 1951 EPISTOLA
562 1883 834 1948 cmlxix-an
848 1898 1032 1946 arcannmr
1046 1901 1202 1947 marusa

567 2004 670 2050 suun.
717 1981 762 2063 [a.
779 2002 811 2046 o.
829 1983 940 2064 1166]

582 2133 727 2199 Ricardo
732 2131 843 2210 fratri
855 2153 925 2200 uto·

322 2264 362 2326 lu
379 2273 421 2339 tc,
434 2262 576 2325 omnium
592 2262 816 2325 moritruorum
830 2260 1030 2342 dulciss'une,
1039 2267 1139 2349 plue
1152 2265 1230 2329 tide·

277 2368 337 2429 bor
350 2364 496 2448 injurius,
512 2364 540 2426 si
555 2363 707 2447 cuiquam
722 2384 743 2426 a
762 2364 1022 2446 peregrinatione
1043 2389 1119 2432 mes
1139 2368 1232 2451 strip·

278 2489 360 2540 sero,
391 2467 557 2530 subticens
586 2465 657 2542 tibi,
685 2486 779 2549 quem
810 2486 908 2548 super
935 2479 1023 2534 statu
1052 2491 1138 2548 meo,
1163 2491 1231 2534 cun

280 2570 423 2633 Domino
443 2567 574 2631 amabili
597 2577 698 2631 matre
720 2579 841 2644 nostra,
854 2589 924 2630 non
941 2572 1075 2653 ambigo
1089 2593 1155 2656 pre
1175 2594 1232 2634 cn-

278 2672 358 2736 teris
380 2670 569 2734 mortalibus
590 2690 660 2733 assa
686 2669 869 2733 sollicitum
916 2670 1010 2737 Licet
1030 2675 1119 2738 enim
1139 2674 1232 2736 into·—

280 2774 357 2839 dum
385 2771 469 2838 desit
492 2770 624 2834 materia
649 2772 700 2837 rel
729 2772 859 2836 occasio
888 2773 1149 2854 scribendum,
1171 2776 1230 2839 boc

282 2877 386 2960 ipsum
409 2873 470 2937 tibi
498 2872 705 2937 scribendum
733 2872 879 2951 arbitror,
900 2875 1065 2939 scamndt
1095 2877 1233 2941 occasio-

280 3000 355 3042 nem
384 2990 417 3039 et
444 2976 607 3040 matonam
636 2973 786 3038 defuisse.
839 2975 938 3047 Quod
965 2988 1076 3042 autem
1105 2977 1232 3042 domim

279 3081 437 3163 episcopo
475 3076 590 3158 scripsi
618 3076 677 3140 tibi
711 3078 830 3159 pariter
858 3077 1052 3155 innotescet,
1081 3079 1168 3144 sicat
1197 3100 1235 3143 ea

282 3202 355 3263 qua
369 3180 428 3243 tibi
443 3178 564 3260 scripta
578 3188 664 3252 sunt,
678 3178 852 3241 sinceritati
868 3177 938 3261 ejus
957 3182 1083 3262 poteris
1099 3203 1234 3264 pruen-

278 3298 356 3345 tare.
403 3281 484 3343 Volo
505 3279 592 3342 enim
615 3291 651 3342 ut
671 3278 702 3342 ei
724 3279 759 3341 in
777 3280 928 3343 omnibus
951 3280 1145 3365 adquiescas
1164 3303 1234 3365 qun

281 3383 322 3448 ad
346 3394 377 3447 tc
399 3381 617 3466 pertinebunt,
637 3394 671 3445 et
694 3381 867 3446 consilium
888 3380 959 3464 ejus
980 3384 1133 3467 praeleras
1153 3406 1234 3462 meo,

280 3497 350 3549 tum
362 3483 545 3566 quianobis
556 3482 730 3564 sapientior
739 3493 799 3559 est,
807 3495 876 3547 tum
885 3483 1235 3566 quiscumuberioren

281 3588 412 3669 gratiam
433 3584 566 3647 Domini
585 3584 704 3648 habere
726 3584 868 3663 confido,
882 3598 915 3648 et
932 3608 995 3649 nos
1015 3609 1100 3672 quoa
1113 3608 1235 3673 semper

280 3688 395 3752 dilexit
409 3684 540 3750 caritate
554 3684 689 3761 sincera,
698 3686 784 3749 sicut
798 3686 996 3766 auctoritate,
1006 3690 1054 3753 sic
1068 3701 1104 3754 et
1117 3690 1234 3753 meritis

280 3788 450 3855 antecedit.
495 3786 590 3859 Quod
617 3798 723 3851 autem
748 3789 779 3851 ei
801 3788 1009 3853 scribendum
1036 3791 1150 3866 fuerat,
1174 3790 1233 3855 nisi

281 3890 461 3956 deficientis
496 3889 664 3973 protocolli
699 3890 838 3954 brevitas
874 3891 1065 3969 obstitisset,
1097 3894 1131 3958 ei
1165 3914 1234 3956 meo

280 3993 410 4055 nomine
430 3990 557 4055 suaderi
580 3988 740 4065 desidero,
755 4002 788 4055 et
805 3991 926 4055 onnam
946 3993 1087 4075 Spiritus
1107 4008 1234 4058 nnuma

279 4090 481 4173 persuadeat,
509 4091 565 4175 qui
602 4092 636 4156 in
672 4092 873 4156 necessitatis
906 4094 1043 4158 articulo
1071 4108 1233 4179 sperantes

277 4194 312 4257 in
329 4212 375 4267 se,
389 4191 503 4252 solatio
518 4193 646 4256 consilii
666 4193 838 4257 destitutos
857 4215 930 4257 ease
943 4216 1011 4257 ιω
1026 4197 1115 4259 sinit
1159 4198 1230 4260 Hoc

277 4306 384 4360 autem
399 4304 460 4367 est,
476 4304 511 4355 ut
532 4294 565 4356 in
587 4294 649 4358 hoc
670 4296 827 4359 conflictu
848 4298 1018 4379 potestatis
1039 4311 1074 4361 et
1089 4299 1175 4382 juris
1195 4319 1233 4361 ea

277 4394 494 4464 moderatione
507 4394 646 4473 incedat,
657 4398 775 4479 praerie
786 4398 869 4478 lege,
879 4397 963 4462 dece
974 4400 1090 4480 gratia,
1100 4400 1231 4484 juvante
