<?xml version="1.0" encoding="UTF-8"?>
<!DOCTYPE html PUBLIC "-//W3C//DTD XHTML 1.0 Transitional//EN"
    "http://www.w3.org/TR/xhtml1/DTD/xhtml1-transitional.dtd">
<html xmlns="http://www.w3.org/1999/xhtml" xml:lang="en" lang="en">
 <head>
  <title>
</title>
<meta http-equiv="Content-Type" content="text/html;charset=utf-8" />
  <meta name='ocr-system' content='tesseract 3.04.00' />
  <meta name='ocr-capabilities' content='ocr_page ocr_carea ocr_par ocr_line ocrx_word'/>
</head>
<body>
  <div class='ocr_page' id='page_1' title='image "./joannissaresber16johngoog_0038.png"; bbox 0 0 3034 5500; ppageno 0'>
   <div class='ocr_carea' id='block_1_1' title="bbox 425 771 1371 848">
    <p class='ocr_par' dir='ltr' id='par_1_1' title="bbox 425 771 1371 848">
     <span class='ocr_line' id='line_1_1' title="bbox 425 771 1371 848; baseline 0.002 -20"><span class='ocrx_word' id='word_1_1' title='bbox 425 771 461 828; x_wconf 83' lang='lat' dir='ltr'><strong>to</strong></span> <span class='ocrx_word' id='word_1_2' title='bbox 677 783 813 827; x_wconf 69' lang='lat' dir='ltr'><strong>scissis</strong></span> <span class='ocrx_word' id='word_1_3' title='bbox 828 784 1104 827; x_wconf 72' lang='lat' dir='ltr'><strong>ssnesnsruss&#39;sis</strong></span> <span class='ocrx_word' id='word_1_4' title='bbox 1277 772 1322 848; x_wconf 74' lang='lat' dir='ltr'><strong>[s.</strong></span> <span class='ocrx_word' id='word_1_5' title='bbox 1341 791 1371 833; x_wconf 91' lang='lat' dir='ltr'><strong>n.</strong></span> 
     </span>
    </p>
   </div>
   <div class='ocr_carea' id='block_1_2' title="bbox 412 934 1372 1733">
    <p class='ocr_par' dir='ltr' id='par_1_2' title="bbox 412 934 1372 1733">
     <span class='ocr_line' id='line_1_2' title="bbox 422 934 1372 1019; baseline 0.004 -21"><span class='ocrx_word' id='word_1_6' title='bbox 422 949 457 998; x_wconf 94' lang='lat' dir='ltr'><strong>ut</strong></span> <span class='ocrx_word' id='word_1_7' title='bbox 487 957 519 996; x_wconf 90' lang='lat' dir='ltr'><strong>se</strong></span> <span class='ocrx_word' id='word_1_8' title='bbox 545 956 582 996; x_wconf 82' lang='lat' dir='ltr'><strong>ex</strong></span> <span class='ocrx_word' id='word_1_9' title='bbox 612 947 702 1018; x_wconf 90' lang='lat' dir='ltr'><strong>parte</strong></span> <span class='ocrx_word' id='word_1_10' title='bbox 728 935 867 1019; x_wconf 84' lang='lat' dir='ltr'>episcopi</span> <span class='ocrx_word' id='word_1_11' title='bbox 895 950 927 996; x_wconf 88' lang='lat' dir='ltr'><strong>et</strong></span> <span class='ocrx_word' id='word_1_12' title='bbox 952 934 1083 1017; x_wconf 86' lang='lat' dir='ltr'><strong>capituli</strong></span> <span class='ocrx_word' id='word_1_13' title='bbox 1116 936 1195 998; x_wconf 80' lang='lat' dir='ltr'><strong>niliil</strong></span> <span class='ocrx_word' id='word_1_14' title='bbox 1226 936 1372 1002; x_wconf 88' lang='lat' dir='ltr'><strong>Waltero</strong></span> 
     </span>
     <span class='ocr_line' id='line_1_3' title="bbox 417 1036 1371 1124; baseline 0.004 -26"><span class='ocrx_word' id='word_1_15' title='bbox 417 1036 620 1099; x_wconf 76' lang='lat' dir='ltr'><strong>denuntiasse</strong></span> <span class='ocrx_word' id='word_1_16' title='bbox 634 1049 666 1098; x_wconf 93' lang='lat' dir='ltr'><strong>et</strong></span> <span class='ocrx_word' id='word_1_17' title='bbox 682 1036 862 1121; x_wconf 81' lang='lat' dir='ltr'>promisisse</span> <span class='ocrx_word' id='word_1_18' title='bbox 873 1037 1054 1111; x_wconf 80' lang='lat' dir='ltr'><strong>innuerent,</strong></span> <span class='ocrx_word' id='word_1_19' title='bbox 1070 1041 1127 1121; x_wconf 89' lang='lat' dir='ltr'><strong>qui</strong></span> <span class='ocrx_word' id='word_1_20' title='bbox 1138 1060 1241 1122; x_wconf 89' lang='lat' dir='ltr'><strong>quum</strong></span> <span class='ocrx_word' id='word_1_21' title='bbox 1254 1061 1371 1124; x_wconf 89' lang='lat' dir='ltr'><strong>propo·</strong></span> 
     </span>
     <span class='ocr_line' id='line_1_4' title="bbox 417 1136 1370 1223; baseline 0.006 -23"><span class='ocrx_word' id='word_1_22' title='bbox 417 1136 485 1201; x_wconf 89' lang='lat' dir='ltr'><strong>sitis</strong></span> <span class='ocrx_word' id='word_1_23' title='bbox 505 1137 712 1201; x_wconf 80' lang='lat' dir='ltr'><strong>sacrosanctis</strong></span> <span class='ocrx_word' id='word_1_24' title='bbox 729 1137 904 1222; x_wconf 83' lang='lat' dir='ltr'><strong>evangeliis</strong></span> <span class='ocrx_word' id='word_1_25' title='bbox 921 1140 1031 1223; x_wconf 86' lang='lat' dir='ltr'><strong>jurare</strong></span> <span class='ocrx_word' id='word_1_26' title='bbox 1051 1140 1154 1222; x_wconf 87' lang='lat' dir='ltr'><strong>parati</strong></span> <span class='ocrx_word' id='word_1_27' title='bbox 1176 1140 1370 1220; x_wconf 78' lang='lat' dir='ltr'><strong>assisterent,</strong></span> 
     </span>
     <span class='ocr_line' id='line_1_5' title="bbox 416 1237 1370 1325; baseline 0.009 -26"><span class='ocrx_word' id='word_1_28' title='bbox 416 1237 580 1302; x_wconf 89' lang='lat' dir='ltr'><strong>Walterus</strong></span> <span class='ocrx_word' id='word_1_29' title='bbox 595 1238 625 1302; x_wconf 93' lang='lat' dir='ltr'><strong>in</strong></span> <span class='ocrx_word' id='word_1_30' title='bbox 641 1238 886 1324; x_wconf 82' lang='lat' dir='ltr'><strong>appellationem</strong></span> <span class='ocrx_word' id='word_1_31' title='bbox 909 1239 1057 1325; x_wconf 82' lang='lat' dir='ltr'><strong>prorupit</strong></span> <span class='ocrx_word' id='word_1_32' title='bbox 1072 1239 1227 1305; x_wconf 90' lang='lat' dir='ltr'><strong>adversus</strong></span> <span class='ocrx_word' id='word_1_33' title='bbox 1245 1243 1370 1308; x_wconf 80' lang='lat' dir='ltr'><strong>londo-</strong></span> 
     </span>
     <span class='ocr_line' id='line_1_6' title="bbox 415 1339 1368 1429; baseline 0.008 -27"><span class='ocrx_word' id='word_1_34' title='bbox 415 1339 553 1403; x_wconf 87' lang='lat' dir='ltr'><strong>niensem</strong></span> <span class='ocrx_word' id='word_1_35' title='bbox 574 1342 771 1429; x_wconf 89' lang='lat' dir='ltr'><strong>episcopum,</strong></span> <span class='ocrx_word' id='word_1_36' title='bbox 787 1354 819 1405; x_wconf 90' lang='lat' dir='ltr'><strong>et</strong></span> <span class='ocrx_word' id='word_1_37' title='bbox 841 1342 913 1428; x_wconf 90' lang='lat' dir='ltr'><strong>ejus</strong></span> <span class='ocrx_word' id='word_1_38' title='bbox 933 1340 1102 1417; x_wconf 88' lang='lat' dir='ltr'><strong>decanum,</strong></span> <span class='ocrx_word' id='word_1_39' title='bbox 1125 1356 1157 1405; x_wconf 88' lang='lat' dir='ltr'><strong>et</strong></span> <span class='ocrx_word' id='word_1_40' title='bbox 1180 1345 1368 1426; x_wconf 72' lang='lat' dir='ltr'><strong>saepedictos</strong></span> 
     </span>
     <span class='ocr_line' id='line_1_7' title="bbox 416 1439 1366 1527; baseline 0.007 -23"><span class='ocrx_word' id='word_1_41' title='bbox 416 1442 507 1527; x_wconf 83' lang='lat' dir='ltr'><strong>Hug.</strong></span> <span class='ocrx_word' id='word_1_42' title='bbox 522 1439 643 1504; x_wconf 88' lang='lat' dir='ltr'><strong>archid.</strong></span> <span class='ocrx_word' id='word_1_43' title='bbox 658 1454 690 1505; x_wconf 89' lang='lat' dir='ltr'><strong>et</strong></span> <span class='ocrx_word' id='word_1_44' title='bbox 705 1442 893 1525; x_wconf 76' lang='lat' dir='ltr'><strong>magistrum</strong></span> <span class='ocrx_word' id='word_1_45' title='bbox 911 1444 953 1504; x_wconf 88' lang='lat' dir='ltr'><strong>A.</strong></span> <span class='ocrx_word' id='word_1_46' title='bbox 969 1464 1112 1527; x_wconf 75' lang='lat' dir='ltr'><strong>personae</strong></span> <span class='ocrx_word' id='word_1_47' title='bbox 1135 1457 1240 1507; x_wconf 90' lang='lat' dir='ltr'><strong>tamen</strong></span> <span class='ocrx_word' id='word_1_48' title='bbox 1257 1444 1366 1511; x_wconf 88' lang='lat' dir='ltr'><strong>decani</strong></span> 
     </span>
     <span class='ocr_line' id='line_1_8' title="bbox 413 1541 1366 1629; baseline 0.005 -23"><span class='ocrx_word' id='word_1_49' title='bbox 413 1541 571 1623; x_wconf 80' lang='lat' dir='ltr'><strong>deserens,</strong></span> <span class='ocrx_word' id='word_1_50' title='bbox 596 1558 631 1608; x_wconf 88' lang='lat' dir='ltr'><strong>ut</strong></span> <span class='ocrx_word' id='word_1_51' title='bbox 657 1565 714 1629; x_wconf 90' lang='lat' dir='ltr'><strong>per</strong></span> <span class='ocrx_word' id='word_1_52' title='bbox 740 1556 977 1628; x_wconf 88' lang='lat' dir='ltr'><strong>procuratorem</strong></span> <span class='ocrx_word' id='word_1_53' title='bbox 1005 1542 1251 1628; x_wconf 86' lang='lat' dir='ltr'><strong>appellationem</strong></span> <span class='ocrx_word' id='word_1_54' title='bbox 1277 1550 1366 1612; x_wconf 88' lang='lat' dir='ltr'><strong>istam</strong></span> 
     </span>
     <span class='ocr_line' id='line_1_9' title="bbox 412 1644 1364 1733; baseline 0.004 -23"><span class='ocrx_word' id='word_1_55' title='bbox 412 1659 637 1732; x_wconf 85' lang='lat' dir='ltr'><strong>prosequatur,</strong></span> <span class='ocrx_word' id='word_1_56' title='bbox 661 1644 817 1709; x_wconf 87' lang='lat' dir='ltr'><strong>senectuti</strong></span> <span class='ocrx_word' id='word_1_57' title='bbox 841 1658 873 1709; x_wconf 92' lang='lat' dir='ltr'><strong>et</strong></span> <span class='ocrx_word' id='word_1_58' title='bbox 895 1644 1107 1709; x_wconf 80' lang='lat' dir='ltr'><strong>invaletudini</strong></span> <span class='ocrx_word' id='word_1_59' title='bbox 1130 1647 1201 1730; x_wconf 89' lang='lat' dir='ltr'><strong>ejus</strong></span> <span class='ocrx_word' id='word_1_60' title='bbox 1224 1670 1364 1733; x_wconf 84' lang='lat' dir='ltr'><strong>parcens.</strong></span> 
     </span>
    </p>
   </div>
   <div class='ocr_carea' id='block_1_3' title="bbox 319 1746 1367 1836">
    <p class='ocr_par' dir='ltr' id='par_1_3' title="bbox 319 1746 1367 1836">
     <span class='ocr_line' id='line_1_10' title="bbox 319 1746 1367 1836; baseline -0.001 -22"><span class='ocrx_word' id='word_1_61' title='bbox 319 1810 321 1814; x_wconf 83' lang='lat'><em>.</em></span> <span class='ocrx_word' id='word_1_62' title='bbox 414 1748 507 1812; x_wconf 89' lang='lat' dir='ltr'><strong>Diem</strong></span> <span class='ocrx_word' id='word_1_63' title='bbox 529 1762 638 1813; x_wconf 88' lang='lat' dir='ltr'><strong>autem</strong></span> <span class='ocrx_word' id='word_1_64' title='bbox 658 1746 727 1830; x_wconf 89' lang='lat' dir='ltr'><strong>ejus</strong></span> <span class='ocrx_word' id='word_1_65' title='bbox 747 1746 920 1833; x_wconf 84' lang='lat' dir='ltr'><strong>praelinivit</strong></span> <span class='ocrx_word' id='word_1_66' title='bbox 938 1761 1068 1811; x_wconf 87' lang='lat' dir='ltr'><strong>octavas</strong></span> <span class='ocrx_word' id='word_1_67' title='bbox 1085 1752 1123 1812; x_wconf 91' lang='lat' dir='ltr'><strong>B.</strong></span> <span class='ocrx_word' id='word_1_68' title='bbox 1140 1749 1279 1813; x_wconf 76' lang='lat' dir='ltr'><strong>Andreae</strong></span> <span class='ocrx_word' id='word_1_69' title='bbox 1294 1773 1367 1836; x_wconf 81' lang='lat' dir='ltr'><strong>apo</strong></span> 
     </span>
    </p>
   </div>
   <div class='ocr_carea' id='block_1_4' title="bbox 409 1848 1364 2216">
    <p class='ocr_par' dir='ltr' id='par_1_4' title="bbox 409 1848 1364 2216">
     <span class='ocr_line' id='line_1_11' title="bbox 411 1848 1364 1934; baseline 0.004 -23"><span class='ocrx_word' id='word_1_70' title='bbox 411 1848 494 1912; x_wconf 89' lang='lat' dir='ltr'><strong>stoli.</strong></span> <span class='ocrx_word' id='word_1_71' title='bbox 522 1848 673 1933; x_wconf 88' lang='lat' dir='ltr'><strong>Sedqnia</strong></span> <span class='ocrx_word' id='word_1_72' title='bbox 682 1850 874 1912; x_wconf 89' lang='lat' dir='ltr'><strong>auctoritate</strong></span> <span class='ocrx_word' id='word_1_73' title='bbox 883 1850 1048 1934; x_wconf 91' lang='lat' dir='ltr'><strong>apostolici</strong></span> <span class='ocrx_word' id='word_1_74' title='bbox 1062 1850 1203 1913; x_wconf 89' lang='lat' dir='ltr'><strong>mandati</strong></span> <span class='ocrx_word' id='word_1_75' title='bbox 1215 1852 1318 1914; x_wconf 88' lang='lat' dir='ltr'><strong>omnis</strong></span> <span class='ocrx_word' id='word_1_76' title='bbox 1334 1852 1364 1915; x_wconf 94' lang='lat' dir='ltr'><strong>in</strong></span> 
     </span>
     <span class='ocr_line' id='line_1_12' title="bbox 410 1949 1364 2037; baseline 0.004 -24"><span class='ocrx_word' id='word_1_77' title='bbox 410 1949 470 2013; x_wconf 90' lang='lat' dir='ltr'><strong>bac</strong></span> <span class='ocrx_word' id='word_1_78' title='bbox 498 1972 594 2012; x_wconf 88' lang='lat' dir='ltr'><strong>cansa</strong></span> <span class='ocrx_word' id='word_1_79' title='bbox 623 1950 759 2013; x_wconf 91' lang='lat' dir='ltr'><strong>inhibita</strong></span> <span class='ocrx_word' id='word_1_80' title='bbox 787 1950 893 2012; x_wconf 83' lang='lat' dir='ltr'><strong>fuerat</strong></span> <span class='ocrx_word' id='word_1_81' title='bbox 922 1949 1107 2037; x_wconf 85' lang='lat' dir='ltr'><strong>appellatio,</strong></span> <span class='ocrx_word' id='word_1_82' title='bbox 1138 1952 1178 2014; x_wconf 90' lang='lat' dir='ltr'><strong>ad</strong></span> <span class='ocrx_word' id='word_1_83' title='bbox 1213 1950 1364 2017; x_wconf 85' lang='lat' dir='ltr'><strong>ulteriora</strong></span> 
     </span>
     <span class='ocr_line' id='line_1_13' title="bbox 409 2050 1361 2135; baseline 0.007 -22"><span class='ocrx_word' id='word_1_84' title='bbox 409 2050 614 2135; x_wconf 88' lang='lat' dir='ltr'><strong>procedentes</strong></span> <span class='ocrx_word' id='word_1_85' title='bbox 639 2064 770 2134; x_wconf 83' lang='lat' dir='ltr'><strong>accepto</strong></span> <span class='ocrx_word' id='word_1_86' title='bbox 795 2065 990 2115; x_wconf 89' lang='lat' dir='ltr'><strong>sacramento</strong></span> <span class='ocrx_word' id='word_1_87' title='bbox 1016 2077 1034 2114; x_wconf 95' lang='lat' dir='ltr'><strong>a</strong></span> <span class='ocrx_word' id='word_1_88' title='bbox 1066 2055 1248 2118; x_wconf 89' lang='lat' dir='ltr'><strong>memoratis</strong></span> <span class='ocrx_word' id='word_1_89' title='bbox 1277 2055 1361 2129; x_wconf 87' lang='lat' dir='ltr'><strong>viris,</strong></span> 
     </span>
     <span class='ocr_line' id='line_1_14' title="bbox 410 2151 903 2216; baseline -0.006 0"><span class='ocrx_word' id='word_1_90' title='bbox 410 2152 536 2216; x_wconf 86' lang='lat' dir='ltr'><strong>eosdem</strong></span> <span class='ocrx_word' id='word_1_91' title='bbox 552 2152 681 2215; x_wconf 91' lang='lat' dir='ltr'><strong>omnino</strong></span> <span class='ocrx_word' id='word_1_92' title='bbox 695 2151 903 2216; x_wconf 87' lang='lat' dir='ltr'><strong>absolvimus.</strong></span> 
     </span>
    </p>
   </div>
   <div class='ocr_carea' id='block_1_5' title="bbox 587 2503 1182 2720">
    <p class='ocr_par' dir='ltr' id='par_1_5' title="bbox 587 2503 1182 2720">
     <span class='ocr_line' id='line_1_15' title="bbox 587 2503 1182 2568; baseline 0.005 -3"><span class='ocrx_word' id='word_1_93' title='bbox 587 2503 810 2566; x_wconf 78' lang='lat' dir='ltr'>EPISTOLA</span> <span class='ocrx_word' id='word_1_94' title='bbox 835 2506 1013 2566; x_wconf 77' lang='lat' dir='ltr'><strong>X1V.-sn</strong></span> <span class='ocrx_word' id='word_1_95' title='bbox 1029 2525 1182 2568; x_wconf 76' lang='lat' dir='ltr'><strong>sussen.</strong></span> 
     </span>
     <span class='ocr_line' id='line_1_16' title="bbox 756 2641 1020 2720; baseline 0 -18"><span class='ocrx_word' id='word_1_96' title='bbox 756 2641 902 2702; x_wconf 73' lang='lat' dir='ltr'><strong>Adriano</strong></span> <span class='ocrx_word' id='word_1_97' title='bbox 914 2660 1020 2720; x_wconf 75' lang='lat' dir='ltr'><strong>popu.</strong></span> 
     </span>
    </p>
   </div>
   <div class='ocr_carea' id='block_1_6' title="bbox 360 2771 1358 4486">
    <p class='ocr_par' dir='ltr' id='par_1_6' title="bbox 360 2771 1358 4486">
     <span class='ocr_line' id='line_1_17' title="bbox 452 2771 1358 2857; baseline 0.002 -18"><span class='ocrx_word' id='word_1_98' title='bbox 452 2776 688 2839; x_wconf 75' lang='lat' dir='ltr'><strong>Ssucrfflrsu</strong></span> <span class='ocrx_word' id='word_1_99' title='bbox 704 2787 840 2838; x_wconf 88' lang='lat' dir='ltr'><strong>vestram</strong></span> <span class='ocrx_word' id='word_1_100' title='bbox 857 2773 940 2837; x_wconf 88' lang='lat' dir='ltr'><strong>circa</strong></span> <span class='ocrx_word' id='word_1_101' title='bbox 955 2771 1093 2857; x_wconf 89' lang='lat' dir='ltr'><strong>plurima</strong></span> <span class='ocrx_word' id='word_1_102' title='bbox 1106 2772 1252 2837; x_wconf 86' lang='lat' dir='ltr'><strong>novimus</strong></span> <span class='ocrx_word' id='word_1_103' title='bbox 1268 2800 1358 2841; x_wconf 91' lang='lat' dir='ltr'><strong>occu-</strong></span> 
     </span>
     <span class='ocr_line' id='line_1_18' title="bbox 360 2875 1358 2964; baseline -0.001 -21"><span class='ocrx_word' id='word_1_104' title='bbox 360 2901 363 2906; x_wconf 89' lang='lat'>·</span> <span class='ocrx_word' id='word_1_105' title='bbox 406 2890 526 2964; x_wconf 85' lang='lat' dir='ltr'><strong>patam,</strong></span> <span class='ocrx_word' id='word_1_106' title='bbox 541 2890 654 2964; x_wconf 91' lang='lat' dir='ltr'><strong>utpote</strong></span> <span class='ocrx_word' id='word_1_107' title='bbox 667 2899 742 2963; x_wconf 82' lang='lat' dir='ltr'><strong>quae</strong></span> <span class='ocrx_word' id='word_1_108' title='bbox 757 2876 825 2940; x_wconf 90' lang='lat' dir='ltr'><strong>sola</strong></span> <span class='ocrx_word' id='word_1_109' title='bbox 837 2878 921 2940; x_wconf 89' lang='lat' dir='ltr'><strong>inter</strong></span> <span class='ocrx_word' id='word_1_110' title='bbox 942 2875 1085 2938; x_wconf 85' lang='lat' dir='ltr'><strong>homines</strong></span> <span class='ocrx_word' id='word_1_111' title='bbox 1104 2878 1204 2939; x_wconf 91' lang='lat' dir='ltr'><strong>totius</strong></span> <span class='ocrx_word' id='word_1_112' title='bbox 1219 2878 1358 2942; x_wconf 77' lang='lat' dir='ltr'><strong>ecclesia</strong></span> 
     </span>
     <span class='ocr_line' id='line_1_19' title="bbox 408 2979 1357 3067; baseline 0.001 -23"><span class='ocrx_word' id='word_1_113' title='bbox 408 2981 469 3045; x_wconf 92' lang='lat' dir='ltr'><strong>Dei</strong></span> <span class='ocrx_word' id='word_1_114' title='bbox 481 2979 691 3044; x_wconf 86' lang='lat' dir='ltr'><strong>incolumitati</strong></span> <span class='ocrx_word' id='word_1_115' title='bbox 700 3003 827 3062; x_wconf 88' lang='lat' dir='ltr'><strong>semper</strong></span> <span class='ocrx_word' id='word_1_116' title='bbox 838 2979 994 3063; x_wconf 82' lang='lat' dir='ltr'><strong>invigilat.</strong></span> <span class='ocrx_word' id='word_1_117' title='bbox 1034 2980 1169 3062; x_wconf 90' lang='lat' dir='ltr'><strong>Oportet</strong></span> <span class='ocrx_word' id='word_1_118' title='bbox 1179 2981 1291 3065; x_wconf 81' lang='lat' dir='ltr'><strong>itaque</strong></span> <span class='ocrx_word' id='word_1_119' title='bbox 1303 2982 1357 3067; x_wconf 93' lang='lat' dir='ltr'><strong>qui</strong></span> 
     </span>
     <span class='ocr_line' id='line_1_20' title="bbox 406 3077 1354 3146; baseline 0.001 0"><span class='ocrx_word' id='word_1_120' title='bbox 406 3082 447 3146; x_wconf 88' lang='lat' dir='ltr'><strong>ad</strong></span> <span class='ocrx_word' id='word_1_121' title='bbox 462 3104 554 3144; x_wconf 90' lang='lat' dir='ltr'><strong>aures</strong></span> <span class='ocrx_word' id='word_1_122' title='bbox 569 3092 690 3143; x_wconf 88' lang='lat' dir='ltr'><strong>vestras</strong></span> <span class='ocrx_word' id='word_1_123' title='bbox 704 3079 824 3141; x_wconf 91' lang='lat' dir='ltr'><strong>accedit</strong></span> <span class='ocrx_word' id='word_1_124' title='bbox 838 3101 1012 3141; x_wconf 84' lang='lat' dir='ltr'><strong>sermonem</strong></span> <span class='ocrx_word' id='word_1_125' title='bbox 1025 3077 1107 3140; x_wconf 86' lang='lat' dir='ltr'><strong>ferre</strong></span> <span class='ocrx_word' id='word_1_126' title='bbox 1118 3080 1354 3146; x_wconf 87' lang='lat' dir='ltr'><strong>abbreviatum:</strong></span> 
     </span>
     <span class='ocr_line' id='line_1_21' title="bbox 405 3175 1357 3259; baseline 0.003 -15"><span class='ocrx_word' id='word_1_127' title='bbox 405 3195 511 3244; x_wconf 88' lang='lat' dir='ltr'><strong>noster</strong></span> <span class='ocrx_word' id='word_1_128' title='bbox 526 3194 632 3243; x_wconf 89' lang='lat' dir='ltr'><strong>autem</strong></span> <span class='ocrx_word' id='word_1_129' title='bbox 645 3200 720 3239; x_wconf 90' lang='lat' dir='ltr'><strong>voce</strong></span> <span class='ocrx_word' id='word_1_130' title='bbox 730 3176 858 3259; x_wconf 91' lang='lat' dir='ltr'><strong>quidem</strong></span> <span class='ocrx_word' id='word_1_131' title='bbox 872 3175 977 3239; x_wconf 90' lang='lat' dir='ltr'><strong>brevis</strong></span> <span class='ocrx_word' id='word_1_132' title='bbox 988 3191 1047 3253; x_wconf 89' lang='lat' dir='ltr'><strong>est,</strong></span> <span class='ocrx_word' id='word_1_133' title='bbox 1058 3176 1112 3239; x_wconf 87' lang='lat' dir='ltr'><strong>sed</strong></span> <span class='ocrx_word' id='word_1_134' title='bbox 1125 3191 1193 3241; x_wconf 92' lang='lat' dir='ltr'><strong>toto</strong></span> <span class='ocrx_word' id='word_1_135' title='bbox 1205 3180 1357 3247; x_wconf 86' lang='lat' dir='ltr'><strong>dilatatus</strong></span> 
     </span>
     <span class='ocr_line' id='line_1_22' title="bbox 403 3277 1355 3367; baseline 0.006 -23"><span class='ocrx_word' id='word_1_136' title='bbox 403 3282 532 3358; x_wconf 86' lang='lat' dir='ltr'><strong>affectu,</strong></span> <span class='ocrx_word' id='word_1_137' title='bbox 561 3300 663 3362; x_wconf 88' lang='lat' dir='ltr'><strong>eoque</strong></span> <span class='ocrx_word' id='word_1_138' title='bbox 693 3277 794 3359; x_wconf 79' lang='lat' dir='ltr'><strong>magis</strong></span> <span class='ocrx_word' id='word_1_139' title='bbox 823 3278 911 3363; x_wconf 94' lang='lat' dir='ltr'><strong>quod</strong></span> <span class='ocrx_word' id='word_1_140' title='bbox 941 3278 981 3341; x_wconf 88' lang='lat' dir='ltr'><strong>ad</strong></span> <span class='ocrx_word' id='word_1_141' title='bbox 1013 3279 1151 3342; x_wconf 78' lang='lat' dir='ltr'><strong>ecclesiae</strong></span> <span class='ocrx_word' id='word_1_142' title='bbox 1178 3284 1355 3367; x_wconf 82' lang='lat' dir='ltr'><strong>Anglorum</strong></span> 
     </span>
     <span class='ocr_line' id='line_1_23' title="bbox 405 3378 1355 3466; baseline 0.003 -18"><span class='ocrx_word' id='word_1_143' title='bbox 405 3381 574 3448; x_wconf 89' lang='lat' dir='ltr'><strong>utilitatem</strong></span> <span class='ocrx_word' id='word_1_144' title='bbox 591 3378 728 3466; x_wconf 87' lang='lat' dir='ltr'><strong>proficit,</strong></span> <span class='ocrx_word' id='word_1_145' title='bbox 743 3393 776 3443; x_wconf 91' lang='lat' dir='ltr'><strong>et</strong></span> <span class='ocrx_word' id='word_1_146' title='bbox 791 3380 925 3463; x_wconf 82' lang='lat' dir='ltr'><strong>gloriam</strong></span> <span class='ocrx_word' id='word_1_147' title='bbox 949 3382 1085 3445; x_wconf 91' lang='lat' dir='ltr'><strong>nominis</strong></span> <span class='ocrx_word' id='word_1_148' title='bbox 1101 3384 1207 3447; x_wconf 89' lang='lat' dir='ltr'><strong>vestri.</strong></span> <span class='ocrx_word' id='word_1_149' title='bbox 1255 3391 1355 3451; x_wconf 82' lang='lat' dir='ltr'><strong>Vene-</strong></span> 
     </span>
     <span class='ocr_line' id='line_1_24' title="bbox 403 3480 1355 3569; baseline 0.005 -22"><span class='ocrx_word' id='word_1_150' title='bbox 403 3480 511 3548; x_wconf 88' lang='lat' dir='ltr'><strong>rabilis</strong></span> <span class='ocrx_word' id='word_1_151' title='bbox 525 3480 623 3545; x_wconf 85' lang='lat' dir='ltr'><strong>frater</strong></span> <span class='ocrx_word' id='word_1_152' title='bbox 639 3495 744 3543; x_wconf 87' lang='lat' dir='ltr'><strong>noster</strong></span> <span class='ocrx_word' id='word_1_153' title='bbox 762 3480 907 3566; x_wconf 83' lang='lat' dir='ltr'><strong>Nigellus</strong></span> <span class='ocrx_word' id='word_1_154' title='bbox 918 3482 1056 3547; x_wconf 85' lang='lat' dir='ltr'><strong>Eliensis</strong></span> <span class='ocrx_word' id='word_1_155' title='bbox 1072 3483 1283 3569; x_wconf 88' lang='lat' dir='ltr'><strong>episcopusin</strong></span> <span class='ocrx_word' id='word_1_156' title='bbox 1299 3512 1355 3552; x_wconf 86' lang='lat' dir='ltr'><strong>ex·</strong></span> 
     </span>
     <span class='ocr_line' id='line_1_25' title="bbox 403 3582 1355 3673; baseline 0.006 -26"><span class='ocrx_word' id='word_1_157' title='bbox 403 3583 519 3670; x_wconf 89' lang='lat' dir='ltr'><strong>plendo</strong></span> <span class='ocrx_word' id='word_1_158' title='bbox 549 3582 700 3646; x_wconf 89' lang='lat' dir='ltr'><strong>mandato</strong></span> <span class='ocrx_word' id='word_1_159' title='bbox 729 3594 834 3646; x_wconf 88' lang='lat' dir='ltr'><strong>vestro</strong></span> <span class='ocrx_word' id='word_1_160' title='bbox 861 3605 957 3668; x_wconf 90' lang='lat' dir='ltr'><strong>super</strong></span> <span class='ocrx_word' id='word_1_161' title='bbox 983 3583 1167 3647; x_wconf 87' lang='lat' dir='ltr'><strong>revocandis</strong></span> <span class='ocrx_word' id='word_1_162' title='bbox 1194 3585 1255 3650; x_wconf 90' lang='lat' dir='ltr'><strong>illis</strong></span> <span class='ocrx_word' id='word_1_163' title='bbox 1283 3612 1355 3673; x_wconf 83' lang='lat' dir='ltr'><strong>quae</strong></span> 
     </span>
     <span class='ocr_line' id='line_1_26' title="bbox 401 3682 1355 3768; baseline 0.004 -20"><span class='ocrx_word' id='word_1_164' title='bbox 401 3682 1355 3768; x_wconf 80' lang='lat' dir='ltr'><strong>bellicatempestasecclesiaesnaeextorserat‚laboratadsan-</strong></span> 
     </span>
     <span class='ocr_line' id='line_1_27' title="bbox 400 3786 1354 3871; baseline 0.006 -22"><span class='ocrx_word' id='word_1_165' title='bbox 400 3787 541 3871; x_wconf 84' lang='lat' dir='ltr'><strong>guinem,</strong></span> <span class='ocrx_word' id='word_1_166' title='bbox 556 3800 589 3850; x_wconf 90' lang='lat' dir='ltr'><strong>et</strong></span> <span class='ocrx_word' id='word_1_167' title='bbox 603 3786 682 3850; x_wconf 92' lang='lat' dir='ltr'><strong>nihil</strong></span> <span class='ocrx_word' id='word_1_168' title='bbox 699 3799 837 3863; x_wconf 89' lang='lat' dir='ltr'><strong>veretur,</strong></span> <span class='ocrx_word' id='word_1_169' title='bbox 854 3786 932 3850; x_wconf 88' lang='lat' dir='ltr'><strong>dum</strong></span> <span class='ocrx_word' id='word_1_170' title='bbox 948 3787 1087 3850; x_wconf 72' lang='lat' dir='ltr'><strong>ecclesiae</strong></span> <span class='ocrx_word' id='word_1_171' title='bbox 1103 3787 1162 3851; x_wconf 91' lang='lat' dir='ltr'><strong>sibi</strong></span> <span class='ocrx_word' id='word_1_172' title='bbox 1179 3792 1354 3855; x_wconf 74' lang='lat' dir='ltr'><strong>commissa</strong></span> 
     </span>
     <span class='ocr_line' id='line_1_28' title="bbox 400 3887 1354 3974; baseline 0.005 -23"><span class='ocrx_word' id='word_1_173' title='bbox 400 3888 583 3974; x_wconf 88' lang='lat' dir='ltr'><strong>prospiciat,</strong></span> <span class='ocrx_word' id='word_1_174' title='bbox 598 3902 631 3953; x_wconf 88' lang='lat' dir='ltr'><strong>et</strong></span> <span class='ocrx_word' id='word_1_175' title='bbox 645 3903 759 3952; x_wconf 86' lang='lat' dir='ltr'><strong>vestrae</strong></span> <span class='ocrx_word' id='word_1_176' title='bbox 778 3887 948 3953; x_wconf 82' lang='lat' dir='ltr'><strong>satisfaciat</strong></span> <span class='ocrx_word' id='word_1_177' title='bbox 964 3888 1131 3953; x_wconf 87' lang='lat' dir='ltr'><strong>voluntati.</strong></span> <span class='ocrx_word' id='word_1_178' title='bbox 1171 3891 1354 3956; x_wconf 80' lang='lat' dir='ltr'><strong>Laboribus</strong></span> 
     </span>
     <span class='ocr_line' id='line_1_29' title="bbox 399 3990 1353 4077; baseline 0.004 -24"><span class='ocrx_word' id='word_1_179' title='bbox 399 3990 530 4076; x_wconf 89' lang='lat' dir='ltr'><strong>quidem</strong></span> <span class='ocrx_word' id='word_1_180' title='bbox 537 3991 857 4077; x_wconf 87' lang='lat' dir='ltr'><strong>ejus,sumptibus,ct</strong></span> <span class='ocrx_word' id='word_1_181' title='bbox 866 3990 1040 4066; x_wconf 91' lang='lat' dir='ltr'><strong>doloribus,</strong></span> <span class='ocrx_word' id='word_1_182' title='bbox 1048 3991 1104 4076; x_wconf 93' lang='lat' dir='ltr'><strong>qui</strong></span> <span class='ocrx_word' id='word_1_183' title='bbox 1114 3993 1142 4054; x_wconf 94' lang='lat' dir='ltr'><strong>ei</strong></span> <span class='ocrx_word' id='word_1_184' title='bbox 1154 3992 1353 4073; x_wconf 88' lang='lat' dir='ltr'><strong>viciniamur,</strong></span> 
     </span>
     <span class='ocr_line' id='line_1_30' title="bbox 398 4093 1351 4179; baseline 0.002 -22"><span class='ocrx_word' id='word_1_185' title='bbox 398 4116 508 4158; x_wconf 88' lang='lat' dir='ltr'><strong>omnes</strong></span> <span class='ocrx_word' id='word_1_186' title='bbox 517 4094 777 4179; x_wconf 88' lang='lat' dir='ltr'><strong>compatimur,et</strong></span> <span class='ocrx_word' id='word_1_187' title='bbox 789 4106 878 4157; x_wconf 91' lang='lat' dir='ltr'><strong>tanto</strong></span> <span class='ocrx_word' id='word_1_188' title='bbox 887 4093 1109 4178; x_wconf 90' lang='lat' dir='ltr'><strong>ampliusquia</strong></span> <span class='ocrx_word' id='word_1_189' title='bbox 1118 4093 1270 4158; x_wconf 86' lang='lat' dir='ltr'><strong>adversus</strong></span> <span class='ocrx_word' id='word_1_190' title='bbox 1279 4119 1351 4159; x_wconf 90' lang='lat' dir='ltr'><strong>eum</strong></span> 
     </span>
     <span class='ocr_line' id='line_1_31' title="bbox 398 4193 1351 4282; baseline 0.002 -23"><span class='ocrx_word' id='word_1_191' title='bbox 398 4194 538 4259; x_wconf 93' lang='lat' dir='ltr'><strong>nondum</strong></span> <span class='ocrx_word' id='word_1_192' title='bbox 551 4195 672 4281; x_wconf 76' lang='lat' dir='ltr'><strong>quievit</strong></span> <span class='ocrx_word' id='word_1_193' title='bbox 685 4194 865 4277; x_wconf 87' lang='lat' dir='ltr'><strong>indignatio</strong></span> <span class='ocrx_word' id='word_1_194' title='bbox 877 4210 990 4273; x_wconf 87' lang='lat' dir='ltr'><strong>vestra,</strong></span> <span class='ocrx_word' id='word_1_195' title='bbox 1002 4193 1056 4258; x_wconf 91' lang='lat' dir='ltr'><strong>sed</strong></span> <span class='ocrx_word' id='word_1_196' title='bbox 1070 4196 1102 4258; x_wconf 93' lang='lat' dir='ltr'><strong>in</strong></span> <span class='ocrx_word' id='word_1_197' title='bbox 1112 4196 1265 4260; x_wconf 89' lang='lat' dir='ltr'><strong>cervicem</strong></span> <span class='ocrx_word' id='word_1_198' title='bbox 1276 4220 1351 4282; x_wconf 90' lang='lat' dir='ltr'><strong>apo·</strong></span> 
     </span>
     <span class='ocr_line' id='line_1_32' title="bbox 397 4298 1351 4384; baseline -0.001 -21"><span class='ocrx_word' id='word_1_199' title='bbox 397 4298 766 4363; x_wconf 84' lang='lat' dir='ltr'><strong>stolicamanusextentn</strong></span> <span class='ocrx_word' id='word_1_200' title='bbox 775 4310 831 4360; x_wconf 88' lang='lat' dir='ltr'><strong>est.</strong></span> <span class='ocrx_word' id='word_1_201' title='bbox 856 4298 1351 4384; x_wconf 82' lang='lat' dir='ltr'><strong>Veruntamenutaurispaterna</strong></span> 
     </span>
     <span class='ocr_line' id='line_1_33' title="bbox 396 4397 1349 4486; baseline -0.001 -23"><span class='ocrx_word' id='word_1_202' title='bbox 396 4401 483 4486; x_wconf 85' lang='lat' dir='ltr'><strong>quod</strong></span> <span class='ocrx_word' id='word_1_203' title='bbox 507 4398 568 4466; x_wconf 92' lang='lat' dir='ltr'><strong>dici</strong></span> <span class='ocrx_word' id='word_1_204' title='bbox 590 4397 749 4462; x_wconf 89' lang='lat' dir='ltr'><strong>credimus</strong></span> <span class='ocrx_word' id='word_1_205' title='bbox 772 4398 932 4484; x_wconf 81' lang='lat' dir='ltr'><strong>expedire,</strong></span> <span class='ocrx_word' id='word_1_206' title='bbox 955 4400 1115 4482; x_wconf 85' lang='lat' dir='ltr'><strong>patienter</strong></span> <span class='ocrx_word' id='word_1_207' title='bbox 1137 4398 1299 4476; x_wconf 88' lang='lat' dir='ltr'><strong>admittat,</strong></span> <span class='ocrx_word' id='word_1_208' title='bbox 1321 4399 1349 4463; x_wconf 92' lang='lat' dir='ltr'><strong>ei</strong></span> 
     </span>
    </p>
   </div>
   <div class='ocr_carea' id='block_1_7' title="bbox 0 0 1522 5500">
    <p class='ocr_par' dir='ltr' id='par_1_7' title="bbox 0 0 1522 5500">
     <span class='ocr_line' id='line_1_34' title="bbox 0 0 1522 5500; baseline 0 8"><span class='ocrx_word' id='word_1_209' title='bbox 0 0 1522 5500; x_wconf 95' lang='lat' dir='ltr'><strong> </strong></span> 
     </span>
    </p>
   </div>
  </div>
 </body>
</html>
