3034 5500
279 751 391 833 1166.]
667 769 845 816 uersentur.
883 789 890 802 ·
1137 758 1139 762 ‘
1173 756 1233 817 ast

274 932 306 985 et
329 923 485 985 inventus
507 941 706 1004 usquequam
729 921 843 985 fidelis.
895 922 1007 987 Habet
1026 935 1132 986 autem
1155 925 1231 986 seri·

274 1018 378 1083 bandi
401 1018 560 1102 peritiam,
581 1031 614 1081 et
634 1018 773 1102 plurium
797 1018 1028 1102 experientiam
1050 1020 1234 1096 utilitatum,

276 1142 373 1206 quem
395 1121 423 1184 si
446 1140 505 1204 pro
526 1141 633 1183 amore
655 1133 758 1183 restro
782 1121 874 1182 vobis
898 1120 931 1182 in
952 1118 1108 1206 obsequio
1129 1134 1234 1185 restro

276 1223 414 1286 retinere
438 1223 592 1306 placeret,
619 1233 651 1285 et
677 1222 723 1283 nti
750 1222 907 1304 obsequio
929 1221 1010 1305 ejus,
1033 1223 1127 1285 uobis
1150 1233 1236 1288 esset

278 1321 509 1405 gratissimum,
524 1323 599 1405 quia
615 1322 644 1384 ei
660 1322 701 1384 ad
722 1343 863 1404 premens
878 1343 936 1405 pro
952 1324 1112 1386 voluntate
1127 1337 1236 1387 nostra

280 1444 346 1486 nou
362 1444 534 1507 possumus
546 1422 722 1506 providere.
753 1422 1070 1486 Confidimusautem
1083 1424 1233 1508 qnoniam

278 1523 367 1609 apud
394 1547 450 1588 ros
473 1547 574 1608 opera
599 1537 714 1588 suaet
742 1524 910 1605 diligentia
933 1527 1173 1607 promerebitur,
1197 1536 1233 1589 ut

277 1626 398 1691 exinde
413 1639 523 1690 nostra
538 1627 588 1690 rel
602 1627 740 1689 aliorum
756 1624 1035 1690 commendatione
1050 1647 1115 1689 non
1130 1640 1230 1709 egeat.

335 1944 559 2010 EPISTOLA
583 1947 841 2011 CLXVII.—nn
855 1963 1042 2010 munerun
1058 1963 1175 2010 munst

559 2067 708 2112 aeruna.
737 2047 827 2127 [sn.
846 2048 955 2128 1166.]

565 2205 786 2286 Rodertofilio
801 2207 955 2286 AEpidiae.

260 2338 267 2348 ’
322 2343 474 2407 Patarea
488 2362 557 2404 cam
578 2363 674 2423 quam
696 2341 823 2404 affectio
838 2341 976 2404 fraterna
995 2345 1230 2408 rememoratio·

280 2466 355 2508 uem
387 2453 519 2506 vestram
550 2442 628 2504 mihi
657 2443 790 2520 excitat,
820 2444 932 2506 erebro
961 2445 995 2506 in
1025 2456 1130 2510 mente
1159 2464 1232 2509 mea

281 2543 527 2627 congratulandi
542 2544 632 2607 robis
654 2564 785 2607 causam
808 2555 841 2608 et
861 2545 1005 2626 gratiam,
1025 2545 1231 2630 colloquendi

278 2647 483 2711 occasionem
506 2645 682 2728 saepissime
709 2656 841 2730 praestat
864 2646 1082 2710 transmissum
1109 2649 1231 2712 mihis

280 2747 370 2812 robis
394 2747 594 2831 signaculum
617 2744 693 2808 fidei
717 2757 750 2808 et
772 2745 951 2809 devotionis
975 2746 1108 2827 insigne.
1153 2748 1232 2829 lpsa

278 2850 364 2913 enim
380 2850 511 2912 materia
525 2848 674 2922 muneris,
691 2847 718 2908 si
739 2846 910 2930 qualitates
929 2845 1031 2927 ipsius
1046 2844 1231 2927 diligentins

277 2952 468 3024 intueamur,
483 2960 519 3012 ut
535 2970 632 3032 quum
653 2944 846 3027 B[aldu'ini]
864 2946 1129 3020 Arehidiaeonus,
1147 2946 1230 3027 [ἢο-

277 3050 387 3134 gerus]
406 3050 447 3114 de
465 3050 631 3113 Sideberio
642 3061 674 3111 et
685 3048 872 3110 fraterculus
883 3061 987 3109 vester
1001 3067 1066 3108 non
1082 3047 1230 3110 dissenti-

278 3164 345 3227 ant,
360 3172 513 3235 expresse
529 3150 650 3212 indicat
670 3148 749 3233 qnid
766 3148 984 3231 principaliter
999 3147 1180 3210 dominetur
1194 3149 1229 3213 in

276 3254 387 3318 animo
410 3252 575 3316 mittentis.
622 3251 746 3313 Arnum
771 3251 857 3312 enim
879 3250 1085 3331 imputribile,
1105 3251 1228 3333 largum

278 3356 320 3421 ad
343 3355 571 3432 dilatationem,
590 3375 650 3417 nee
671 3354 745 3434 igne
761 3374 820 3416 uec
843 3352 1047 3415 tunsionibus
1066 3354 1230 3432 minuitur,

278 3479 339 3523 nee
369 3457 664 3531 incontaminabile,
693 3466 804 3539 utpote
834 3454 921 3539 quod
946 3454 1066 3517 nullam
1092 3454 1231 3520 admittit

277 3560 470 3641 rubiginem,
485 3558 570 3621 unde
591 3567 623 3620 et
638 3558 772 3619 aliorum
788 3558 989 3619 metallorum
1004 3557 1229 3621 custoditivum

279 3672 338 3737 est,
357 3680 466 3722 nonna
489 3658 585 3722 fidem
608 3658 848 3741 imputribilem,
867 3654 987 3738 largam
1010 3669 1043 3721 et
1064 3657 1229 3720 dilatatam
1263 3642 1265 3647 ¹

279 3761 406 3843 figurat,
441 3762 605 3823 caritatem
634 3770 834 3822 constantem
870 3759 904 3820 in
941 3758 1092 3835 adversis,
1121 3758 1228 3820 mode·

277 3864 435 3927 rationein
458 3862 607 3924 uirtutum
632 3861 895 3924 conservatricem
922 3859 955 3921 iu
976 3856 1159 3945 prosperis?
1190 3879 1229 3923 en

280 3964 376 4039 enim,
391 3963 476 4026 sieut
496 3963 610 4024 melius
631 3962 743 4038 nostis,
759 3961 812 4024 cni
834 3981 937 4024 rerum
959 3972 1073 4024 natura
1093 3960 1229 4045 physica

278 4064 415 4130 docente
427 4062 576 4139 innotuit,
584 4061 649 4125 anri
662 4077 776 4126 natura
790 4073 839 4125 est
854 4082 949 4144 qnam
961 4062 1107 4144 praedixi.
1131 4060 1227 4126 Unde

278 4165 466 4250 prudentes,
488 4162 544 4247 qni
570 4163 737 4245 pecuniam
760 4183 851 4225 snam
871 4163 981 4226 solunt
999 4162 1227 4245 imputribilem

279 4286 477 4341 conservare,
496 4283 574 4325 atrro
593 4263 730 4328 miscent
747 4277 926 4346 argentum,
948 4274 983 4327 ut
999 4283 1042 4326 ex
1061 4264 1129 4325 auri
1148 4282 1225 4325 eon·

276 4368 554 4445 sortioargentum
566 4363 687 4446 absque
702 4364 849 4445 rubigine
862 4372 1071 4426 conservetur.
1102 4360 1226 4423 Formo
