3034 5500
284 735 480 815 trau-61]
662 753 840 800 arrsroaa.
1188 745 1228 803 ⁷5

276 904 441 989 dispendia
467 903 583 967 salutis
614 902 759 967 laborans
780 904 927 989 impietas
954 905 1020 969 odii
1046 907 1231 974 seminatrix

277 1004 446 1069 fraternam
487 1004 621 1069 molitur
657 1002 844 1088 extinguere
880 1007 1054 1072 caritatem.
1121 1012 1228 1084 Quum

274 1107 333 1171 alia
348 1108 486 1171 crimina
509 1111 600 1170 Deus
622 1104 735 1185 oderit,
757 1107 816 1170 hoc
836 1109 991 1195 estquod
1011 1110 1054 1173 ob
1075 1110 1230 1197 insignem

277 1209 323 1273 sni
346 1208 504 1274 malitiam
529 1208 707 1273 detestatur
728 1209 834 1274 anima
863 1210 943 1295 ejus.
987 1214 1133 1276 Vestram
1156 1235 1232 1277 vero

276 1309 487 1387 sanctitatem,
497 1311 580 1374 sicut
592 1309 771 1396 accepimus
780 1322 811 1374 et
821 1309 976 1389 dolemus,
986 1310 1088 1396 iniqui
1098 1313 1231 1378 circum·

278 1412 382 1477 venire
397 1415 506 1478 conati
522 1425 609 1491 sunt,
625 1412 747 1477 litteras
763 1413 853 1477 vobis
867 1424 976 1478 nostro
995 1428 1164 1498 conceptas
1179 1439 1235 1480 no-

278 1515 362 1577 mine
373 1515 585 1600 porrigentes,
593 1514 712 1600 quibus
721 1514 973 1599 significabatur,
983 1537 1032 1579 me
1044 1515 1233 1582 inextremae

276 1615 475 1681 difficultatis
499 1614 635 1680 articulo
659 1617 801 1702 positum
824 1617 980 1703 poenitere
996 1639 1092 1704 super
1107 1641 1233 1704 promo-

278 1719 363 1783 tione
387 1715 580 1782 venerabilis
601 1717 710 1782 fratris
739 1719 839 1781 nostri
871 1718 1001 1802 Rogerii
1025 1720 1235 1785 Eboracensis

280 1819 517 1906 archiepiscopi,
532 1831 564 1882 et
581 1820 739 1905 majestati
755 1834 871 1885 vestras
886 1843 993 1906 preces
1008 1822 1181 1907 porrigere,
1196 1834 1233 1887 ut

283 1925 360 2007 quia
386 1921 465 1988 mihi
490 1920 575 2008 quod
599 1922 631 1984 in
660 1921 718 1987 hac
743 1935 835 2006 parte
861 1922 981 2009 deliqui
1008 1936 1160 2010 negatum
1186 1937 1234 1991 cst

281 2023 460 2103 emendare,
488 2045 541 2087 ros
567 2022 646 2088 illud
673 2046 730 2108 per
755 2023 904 2090 collatam
934 2025 1024 2089 vobis
1052 2049 1072 2088 a
1096 2026 1233 2091 Domino

280 2138 482 2211 potestatem,
512 2139 645 2212 accepto
671 2139 814 2212 tempore
830 2127 975 2212 justitias
992 2126 1171 2213 judicandi,
1200 2143 1232 2195 et

281 2227 450 2291 exercendi
476 2227 642 2306 vindictas,
664 2231 696 2294 in
720 2229 902 2294 nationibus
922 2229 1106 2295 emendetis.
1150 2232 1235 2296 Ecce

282 2328 422 2393 Domino
440 2327 618 2417 inspectore
632 2345 665 2395 et
676 2330 788 2416 judice
803 2331 917 2418 loquar
930 2332 962 2395 in
979 2331 1109 2398 auribus
1124 2334 1236 2398 vestris

280 2431 366 2519 quod
379 2455 491 2497 verum
507 2445 564 2497 est.
588 2433 729 2499 Litteras
743 2433 819 2498 istas
831 2457 888 2500 nec
898 2435 1021 2520 scripsi,
1032 2457 1088 2499 nec
1099 2435 1236 2501 scribere

283 2532 382 2609 volui,
406 2557 466 2599 nec
488 2535 529 2599 ab
552 2535 661 2621 aliquo
684 2559 825 2601 meorum
848 2536 981 2622 scriptas
1003 2538 1088 2602 novi.
1133 2538 1234 2605 Falsae

281 2649 365 2713 sunt,
375 2650 410 2700 et
421 2637 468 2702 eis
480 2637 520 2701 ad
532 2637 726 2702 delusionem
738 2652 886 2715 vestram,
896 2652 928 2703 et
938 2639 987 2702 sui
998 2638 1235 2706 damnationem

281 2737 366 2804 solus
381 2739 530 2804 falsarius
541 2737 674 2804 scienter
685 2763 763 2805 usus
772 2753 830 2816 est,
844 2738 991 2825 quisquis
1006 2739 1047 2804 sit
1062 2739 1126 2818 ille,
1143 2740 1237 2825 plane

283 2864 377 2906 suurn
401 2842 545 2928 portabit
561 2841 730 2928 judicium,
754 2854 844 2907 etex
867 2841 1056 2904 auctoritate
1076 2863 1237 2908 sacrorum

282 2964 440 3006 canonum
463 2942 495 3007 iu
520 2942 670 3030 laqueum
691 2940 904 3007 anathematis
933 2937 1061 3015 incidet,
1088 2940 1237 3027 quoniam
1278 2943 1288 2969 ⁴

283 3040 1238 3130 quitaliaagunt,tanquamdiscordiarum,scissurarumque

284 3156 405 3209 satores
419 3157 452 3211 et
469 3146 644 3212 incentores
654 3146 832 3213 detestatur
847 3147 953 3209 anima
968 3144 1108 3209 Domini.
1155 3149 1238 3232 Sup-

281 3247 439 3333 plicamus
460 3251 568 3334 itaque
590 3249 751 3314 serenitati
775 3260 899 3325 vestra,
922 3260 959 3312 ut
989 3260 1087 3314 tantas
1110 3248 1238 3316 malitias

282 3362 441 3430 auctores,
463 3350 488 3415 si
509 3352 625 3437 placet,
646 3350 871 3437 comprehendi
885 3350 1028 3436 jubeatis
1043 3351 1083 3416 ad
1101 3374 1238 3437 paenam,

282 3464 384 3517 saeos
405 3465 470 3517 tam
493 3453 606 3516 acerba
627 3450 899 3517 administratione
919 3450 1025 3538 puniri
1047 3453 1182 3532 faciatis,
1203 3466 1239 3519 ut

282 3554 339 3639 qui
356 3553 530 3620 vindictam
546 3554 706 3621 audierint
722 3554 905 3631 doceantur,
921 3563 953 3617 et
969 3553 1103 3619 doceant
1120 3578 1192 3620 vero
1204 3568 1238 3621 et

280 3653 369 3738 justo
385 3655 522 3743 principi
537 3656 688 3733 fallacias,
705 3670 737 3723 et
752 3655 908 3722 malitiam
922 3677 985 3719 non
1003 3655 1135 3742 placere.

374 3912 599 3979 EPISTOLA
622 3916 819 3978 LXII.-an
835 3931 952 3976 ascari
968 3931 1163 3977 naumann.

623 4049 705 4130 Regi
720 4047 908 4130 Anglorum.

332 4164 466 4229 Vtaws
479 4161 659 4249 principum
671 4161 761 4226 nullo
770 4161 888 4225 clarius
897 4159 999 4224 elucet
1008 4157 1135 4244 indicio,
1145 4186 1240 4250 quam

289 4271 313 4332 si
330 4268 498 4353 majestate
513 4266 582 4350 ejus
597 4287 704 4351 pacem
724 4264 877 4351 populus,
897 4261 1027 4326 ecclesia
1041 4264 1192 4348 quietem,
1209 4278 1241 4328 et

289 4369 401 4455 religio
412 4378 542 4451 gratum
557 4364 695 4429 Domino
707 4364 837 4450 recipiat
849 4362 1087 4426 incrementum.
1114 4367 1240 4447 Regum
