<?xml version="1.0" encoding="UTF-8"?>
<!DOCTYPE html PUBLIC "-//W3C//DTD XHTML 1.0 Transitional//EN"
    "http://www.w3.org/TR/xhtml1/DTD/xhtml1-transitional.dtd">
<html xmlns="http://www.w3.org/1999/xhtml" xml:lang="en" lang="en">
 <head>
  <title>
</title>
<meta http-equiv="Content-Type" content="text/html;charset=utf-8" />
  <meta name='ocr-system' content='tesseract 3.04.00' />
  <meta name='ocr-capabilities' content='ocr_page ocr_carea ocr_par ocr_line ocrx_word'/>
</head>
<body>
  <div class='ocr_page' id='page_1' title='image "./joannissaresber16johngoog_0066.png"; bbox 0 0 3034 5500; ppageno 0'>
   <div class='ocr_carea' id='block_1_1' title="bbox 382 744 1337 825">
    <p class='ocr_par' dir='ltr' id='par_1_1' title="bbox 382 744 1337 825">
     <span class='ocr_line' id='line_1_1' title="bbox 382 744 1337 825; baseline -0.001 -16"><span class='ocrx_word' id='word_1_1' title='bbox 382 751 423 810; x_wconf 77' lang='lat' dir='ltr'><strong>tt</strong></span> <span class='ocrx_word' id='word_1_2' title='bbox 640 765 777 809; x_wconf 78' lang='lat' dir='ltr'><strong>ruamus</strong></span> <span class='ocrx_word' id='word_1_3' title='bbox 793 763 1071 808; x_wconf 72' lang='lat' dir='ltr'><strong>sinasuaaransrs</strong></span> <span class='ocrx_word' id='word_1_4' title='bbox 1246 744 1290 825; x_wconf 74' lang='grc' dir='ltr'><strong>[Α.</strong></span> <span class='ocrx_word' id='word_1_5' title='bbox 1306 765 1337 809; x_wconf 89' lang='lat' dir='ltr'><strong>n.</strong></span> 
     </span>
    </p>
   </div>
   <div class='ocr_carea' id='block_1_2' title="bbox 380 911 1338 1513">
    <p class='ocr_par' dir='ltr' id='par_1_2' title="bbox 380 911 1338 1513">
     <span class='ocr_line' id='line_1_2' title="bbox 380 911 1338 1001; baseline -0.002 -22"><span class='ocrx_word' id='word_1_6' title='bbox 380 915 507 981; x_wconf 80' lang='lat' dir='ltr'><strong>baeaerit</strong></span> <span class='ocrx_word' id='word_1_7' title='bbox 528 913 578 978; x_wconf 89' lang='lat' dir='ltr'><strong>bis</strong></span> <span class='ocrx_word' id='word_1_8' title='bbox 596 911 724 988; x_wconf 89' lang='lat' dir='ltr'><strong>diebus,</strong></span> <span class='ocrx_word' id='word_1_9' title='bbox 740 912 826 977; x_wconf 87' lang='lat' dir='ltr'><strong>unde</strong></span> <span class='ocrx_word' id='word_1_10' title='bbox 846 913 875 977; x_wconf 87' lang='lat' dir='ltr'><strong>ei</strong></span> <span class='ocrx_word' id='word_1_11' title='bbox 896 913 999 978; x_wconf 84' lang='lat' dir='ltr'>debeo</span> <span class='ocrx_word' id='word_1_12' title='bbox 1016 912 1136 998; x_wconf 82' lang='lat' dir='ltr'><strong>gratias</strong></span> <span class='ocrx_word' id='word_1_13' title='bbox 1155 914 1338 1001; x_wconf 81' lang='lat' dir='ltr'><strong>ampliores.</strong></span> 
     </span>
     <span class='ocr_line' id='line_1_3' title="bbox 380 1013 1337 1101; baseline 0.002 -22"><span class='ocrx_word' id='word_1_14' title='bbox 380 1015 479 1080; x_wconf 87' lang='lat' dir='ltr'><strong>Vobis</strong></span> <span class='ocrx_word' id='word_1_15' title='bbox 502 1037 561 1100; x_wconf 89' lang='lat' dir='ltr'><strong>pro</strong></span> <span class='ocrx_word' id='word_1_16' title='bbox 582 1039 620 1080; x_wconf 93' lang='lat' dir='ltr'><strong>eo</strong></span> <span class='ocrx_word' id='word_1_17' title='bbox 641 1014 842 1101; x_wconf 76' lang='lat' dir='ltr'>supplicatur</span> <span class='ocrx_word' id='word_1_18' title='bbox 862 1039 881 1079; x_wconf 92' lang='lat' dir='ltr'><strong>a</strong></span> <span class='ocrx_word' id='word_1_19' title='bbox 903 1015 1027 1101; x_wconf 79' lang='lat' dir='ltr'><strong>magnis</strong></span> <span class='ocrx_word' id='word_1_20' title='bbox 1046 1013 1134 1096; x_wconf 82' lang='lat' dir='ltr'><strong>viris,</strong></span> <span class='ocrx_word' id='word_1_21' title='bbox 1153 1028 1188 1082; x_wconf 86' lang='lat' dir='ltr'><strong>et</strong></span> <span class='ocrx_word' id='word_1_22' title='bbox 1209 1015 1337 1092; x_wconf 85' lang='lat' dir='ltr'><strong>talibus,</strong></span> 
     </span>
     <span class='ocr_line' id='line_1_4' title="bbox 382 1114 1336 1204; baseline 0.001 -24"><span class='ocrx_word' id='word_1_23' title='bbox 382 1129 419 1182; x_wconf 90' lang='lat' dir='ltr'><strong>ut</strong></span> <span class='ocrx_word' id='word_1_24' title='bbox 442 1115 548 1201; x_wconf 76' lang='lat' dir='ltr'><strong>magni</strong></span> <span class='ocrx_word' id='word_1_25' title='bbox 571 1128 721 1203; x_wconf 85' lang='lat' dir='ltr'><strong>reputare</strong></span> <span class='ocrx_word' id='word_1_26' title='bbox 747 1114 892 1197; x_wconf 83' lang='lat' dir='ltr'><strong>debeam,</strong></span> <span class='ocrx_word' id='word_1_27' title='bbox 914 1116 939 1181; x_wconf 86' lang='lat' dir='ltr'><strong>si</strong></span> <span class='ocrx_word' id='word_1_28' title='bbox 962 1117 1098 1204; x_wconf 79' lang='lat' dir='ltr'><strong>vestigia</strong></span> <span class='ocrx_word' id='word_1_29' title='bbox 1120 1139 1235 1182; x_wconf 82' lang='lat' dir='ltr'><strong>eorum</strong></span> <span class='ocrx_word' id='word_1_30' title='bbox 1261 1117 1336 1182; x_wconf 87' lang='lat' dir='ltr'><strong>mibi</strong></span> 
     </span>
     <span class='ocr_line' id='line_1_5' title="bbox 380 1216 1338 1307; baseline 0 -24"><span class='ocrx_word' id='word_1_31' title='bbox 380 1216 472 1283; x_wconf 84' lang='lat' dir='ltr'><strong>liceat</strong></span> <span class='ocrx_word' id='word_1_32' title='bbox 496 1218 637 1284; x_wconf 86' lang='lat' dir='ltr'><strong>adorare.</strong></span> <span class='ocrx_word' id='word_1_33' title='bbox 683 1220 730 1283; x_wconf 88' lang='lat' dir='ltr'><strong>At</strong></span> <span class='ocrx_word' id='word_1_34' title='bbox 753 1233 861 1283; x_wconf 83' lang='lat' dir='ltr'><strong>certus</strong></span> <span class='ocrx_word' id='word_1_35' title='bbox 881 1243 952 1284; x_wconf 87' lang='lat' dir='ltr'><strong>sum</strong></span> <span class='ocrx_word' id='word_1_36' title='bbox 974 1219 1063 1306; x_wconf 89' lang='lat' dir='ltr'><strong>quod</strong></span> <span class='ocrx_word' id='word_1_37' title='bbox 1085 1217 1338 1307; x_wconf 79' lang='lat' dir='ltr'><strong>quanticumque</strong></span> 
     </span>
     <span class='ocr_line' id='line_1_6' title="bbox 381 1318 1337 1396; baseline 0 -12"><span class='ocrx_word' id='word_1_38' title='bbox 381 1318 455 1396; x_wconf 83' lang='lat' dir='ltr'><strong>rint,</strong></span> <span class='ocrx_word' id='word_1_39' title='bbox 478 1319 586 1385; x_wconf 87' lang='lat' dir='ltr'><strong>nullus</strong></span> <span class='ocrx_word' id='word_1_40' title='bbox 607 1341 717 1385; x_wconf 87' lang='lat' dir='ltr'><strong>eorum</strong></span> <span class='ocrx_word' id='word_1_41' title='bbox 741 1343 791 1384; x_wconf 92' lang='lat' dir='ltr'><strong>me</strong></span> <span class='ocrx_word' id='word_1_42' title='bbox 813 1319 945 1386; x_wconf 91' lang='lat' dir='ltr'><strong>minimo</strong></span> <span class='ocrx_word' id='word_1_43' title='bbox 968 1318 1096 1385; x_wconf 81' lang='lat' dir='ltr'><strong>servulo</strong></span> <span class='ocrx_word' id='word_1_44' title='bbox 1118 1333 1227 1386; x_wconf 84' lang='lat' dir='ltr'><strong>vestro</strong></span> <span class='ocrx_word' id='word_1_45' title='bbox 1249 1319 1337 1384; x_wconf 82' lang='lat' dir='ltr'><strong>vobis</strong></span> 
     </span>
     <span class='ocr_line' id='line_1_7' title="bbox 381 1420 1337 1513; baseline 0.003 -29"><span class='ocrx_word' id='word_1_46' title='bbox 381 1421 506 1487; x_wconf 86' lang='lat' dir='ltr'><strong>fidelior</strong></span> <span class='ocrx_word' id='word_1_47' title='bbox 521 1436 581 1502; x_wconf 90' lang='lat' dir='ltr'><strong>est,</strong></span> <span class='ocrx_word' id='word_1_48' title='bbox 588 1436 648 1513; x_wconf 81' lang='lat' dir='ltr'><strong>aut</strong></span> <span class='ocrx_word' id='word_1_49' title='bbox 663 1421 819 1487; x_wconf 78' lang='lat' dir='ltr'><strong>devotior.</strong></span> <span class='ocrx_word' id='word_1_50' title='bbox 849 1422 900 1488; x_wconf 81' lang='lat' dir='ltr'><strong>Ad</strong></span> <span class='ocrx_word' id='word_1_51' title='bbox 913 1422 1011 1509; x_wconf 87' lang='lat' dir='ltr'><strong>podes</strong></span> <span class='ocrx_word' id='word_1_52' title='bbox 1025 1445 1103 1508; x_wconf 79' lang='lat' dir='ltr'><strong>ergo</strong></span> <span class='ocrx_word' id='word_1_53' title='bbox 1114 1420 1337 1487; x_wconf 73' lang='lat' dir='ltr'><strong>miserioordia</strong></span> 
     </span>
    </p>
   </div>
   <div class='ocr_carea' id='block_1_3' title="bbox 382 1521 1339 2013">
    <p class='ocr_par' dir='ltr' id='par_1_3' title="bbox 382 1521 1339 2013">
     <span class='ocr_line' id='line_1_8' title="bbox 384 1521 1339 1610; baseline 0.003 -26"><span class='ocrx_word' id='word_1_54' title='bbox 384 1536 500 1588; x_wconf 82' lang='lat' dir='ltr'><strong>vestroe</strong></span> <span class='ocrx_word' id='word_1_55' title='bbox 529 1521 721 1609; x_wconf 89' lang='lat' dir='ltr'><strong>provolutus</strong></span> <span class='ocrx_word' id='word_1_56' title='bbox 744 1522 902 1609; x_wconf 88' lang='lat' dir='ltr'><strong>supplico,</strong></span> <span class='ocrx_word' id='word_1_57' title='bbox 929 1537 967 1588; x_wconf 94' lang='lat' dir='ltr'><strong>ut</strong></span> <span class='ocrx_word' id='word_1_58' title='bbox 985 1523 1146 1610; x_wconf 87' lang='lat' dir='ltr'><strong>justitiam</strong></span> <span class='ocrx_word' id='word_1_59' title='bbox 1172 1524 1245 1609; x_wconf 90' lang='lat' dir='ltr'><strong>ejus</strong></span> <span class='ocrx_word' id='word_1_60' title='bbox 1269 1545 1339 1608; x_wconf 90' lang='lat' dir='ltr'><strong>pro-</strong></span> 
     </span>
     <span class='ocr_line' id='line_1_9' title="bbox 382 1623 1336 1711; baseline -0.001 -24"><span class='ocrx_word' id='word_1_61' title='bbox 382 1625 502 1689; x_wconf 87' lang='lat' dir='ltr'><strong>moveri</strong></span> <span class='ocrx_word' id='word_1_62' title='bbox 527 1624 731 1711; x_wconf 85' lang='lat' dir='ltr'><strong>praecipiatis,</strong></span> <span class='ocrx_word' id='word_1_63' title='bbox 756 1647 816 1690; x_wconf 89' lang='lat' dir='ltr'><strong>nec</strong></span> <span class='ocrx_word' id='word_1_64' title='bbox 843 1647 916 1689; x_wconf 90' lang='lat' dir='ltr'><strong>eum</strong></span> <span class='ocrx_word' id='word_1_65' title='bbox 942 1625 983 1689; x_wconf 92' lang='lat' dir='ltr'><strong>ab</strong></span> <span class='ocrx_word' id='word_1_66' title='bbox 1008 1624 1154 1691; x_wconf 86' lang='lat' dir='ltr'><strong>arctioris</strong></span> <span class='ocrx_word' id='word_1_67' title='bbox 1177 1623 1255 1690; x_wconf 78' lang='lat' dir='ltr'><strong>virae</strong></span> <span class='ocrx_word' id='word_1_68' title='bbox 1276 1623 1336 1699; x_wconf 81' lang='lat' dir='ltr'><strong>via,</strong></span> 
     </span>
     <span class='ocr_line' id='line_1_10' title="bbox 384 1723 1338 1812; baseline -0.001 -23"><span class='ocrx_word' id='word_1_69' title='bbox 384 1747 482 1812; x_wconf 89' lang='lat' dir='ltr'><strong>quam</strong></span> <span class='ocrx_word' id='word_1_70' title='bbox 499 1725 719 1810; x_wconf 78' lang='lat' dir='ltr'><strong>religiosorum</strong></span> <span class='ocrx_word' id='word_1_71' title='bbox 735 1724 867 1789; x_wconf 87' lang='lat' dir='ltr'><strong>consilio</strong></span> <span class='ocrx_word' id='word_1_72' title='bbox 886 1747 1056 1810; x_wconf 77' lang='lat' dir='ltr'><strong>aggressus</strong></span> <span class='ocrx_word' id='word_1_73' title='bbox 1070 1739 1132 1804; x_wconf 88' lang='lat' dir='ltr'><strong>est,</strong></span> <span class='ocrx_word' id='word_1_74' title='bbox 1146 1723 1338 1809; x_wconf 87' lang='lat' dir='ltr'><strong>permittatis</strong></span> 
     </span>
     <span class='ocr_line' id='line_1_11' title="bbox 383 1823 1337 1912; baseline 0 -24"><span class='ocrx_word' id='word_1_75' title='bbox 383 1825 476 1889; x_wconf 79' lang='lat' dir='ltr'><strong>avelli</strong></span> <span class='ocrx_word' id='word_1_76' title='bbox 501 1829 543 1891; x_wconf 90' lang='lat' dir='ltr'><strong>ob</strong></span> <span class='ocrx_word' id='word_1_77' title='bbox 566 1847 676 1890; x_wconf 91' lang='lat' dir='ltr'><strong>eorum</strong></span> <span class='ocrx_word' id='word_1_78' title='bbox 705 1825 954 1912; x_wconf 81' lang='lat' dir='ltr'><strong>improbitatem,</strong></span> <span class='ocrx_word' id='word_1_79' title='bbox 978 1823 1098 1910; x_wconf 90' lang='lat' dir='ltr'><strong>quibus</strong></span> <span class='ocrx_word' id='word_1_80' title='bbox 1121 1823 1337 1888; x_wconf 85' lang='lat' dir='ltr'><strong>videturesse</strong></span> 
     </span>
     <span class='ocr_line' id='line_1_12' title="bbox 384 1925 1326 2013; baseline 0 -23"><span class='ocrx_word' id='word_1_81' title='bbox 384 1925 495 2013; x_wconf 80' lang='lat' dir='ltr'><strong>religio</strong></span> <span class='ocrx_word' id='word_1_82' title='bbox 508 1939 738 2004; x_wconf 86' lang='lat' dir='ltr'><strong>consummata,</strong></span> <span class='ocrx_word' id='word_1_83' title='bbox 754 1928 780 1990; x_wconf 87' lang='lat' dir='ltr'><strong>si</strong></span> <span class='ocrx_word' id='word_1_84' title='bbox 794 1929 827 1992; x_wconf 91' lang='lat' dir='ltr'><strong>in</strong></span> <span class='ocrx_word' id='word_1_85' title='bbox 842 1926 945 1991; x_wconf 87' lang='lat' dir='ltr'><strong>causis</strong></span> <span class='ocrx_word' id='word_1_86' title='bbox 958 1926 1105 1992; x_wconf 90' lang='lat' dir='ltr'><strong>omnibus</strong></span> <span class='ocrx_word' id='word_1_87' title='bbox 1119 1926 1326 1992; x_wconf 84' lang='lat' dir='ltr'><strong>obtinuerim.</strong></span> 
     </span>
    </p>
   </div>
   <div class='ocr_carea' id='block_1_4' title="bbox 392 2328 1340 2853">
    <p class='ocr_par' dir='ltr' id='par_1_4' title="bbox 430 2328 1294 2425">
     <span class='ocr_line' id='line_1_13' title="bbox 430 2328 1294 2425; baseline -0.006 -27"><span class='ocrx_word' id='word_1_88' title='bbox 430 2328 653 2425; x_wconf 60' lang='lat' dir='ltr'><strong>ERISTOLA</strong></span> <span class='ocrx_word' id='word_1_89' title='bbox 676 2334 893 2399; x_wconf 79' lang='lat' dir='ltr'><strong>XLHL-an</strong></span> <span class='ocrx_word' id='word_1_90' title='bbox 908 2352 1066 2398; x_wconf 72' lang='lat' dir='ltr'><strong>ansarum</strong></span> <span class='ocrx_word' id='word_1_91' title='bbox 1084 2352 1127 2396; x_wconf 83' lang='lat' dir='ltr'><strong>oa</strong></span> <span class='ocrx_word' id='word_1_92' title='bbox 1143 2353 1294 2399; x_wconf 80' lang='lat' dir='ltr'><strong>annosm.</strong></span> 
     </span>
    </p>

    <p class='ocr_par' dir='ltr' id='par_1_5' title="bbox 392 2483 1340 2853">
     <span class='ocr_line' id='line_1_14' title="bbox 392 2483 1340 2566; baseline 0 -20"><span class='ocrx_word' id='word_1_93' title='bbox 392 2483 630 2548; x_wconf 64' lang='lat' dir='ltr'><strong>uenerabilibus</strong></span> <span class='ocrx_word' id='word_1_94' title='bbox 640 2484 922 2566; x_wconf 75' lang='lat' dir='ltr'><strong>amicissratribua</strong></span> <span class='ocrx_word' id='word_1_95' title='bbox 932 2485 970 2546; x_wconf 79' lang='lat' dir='ltr'><strong>in</strong></span> <span class='ocrx_word' id='word_1_96' title='bbox 982 2484 1110 2548; x_wconf 71' lang='lat' dir='ltr'><strong>Christo</strong></span> <span class='ocrx_word' id='word_1_97' title='bbox 1118 2483 1340 2559; x_wconf 62' lang='lat' dir='ltr'><strong>nummu,</strong></span> 
     </span>
     <span class='ocr_line' id='line_1_15' title="bbox 430 2581 1340 2666; baseline 0 -18"><span class='ocrx_word' id='word_1_98' title='bbox 430 2584 473 2648; x_wconf 78' lang='lat' dir='ltr'><strong>tt.</strong></span> <span class='ocrx_word' id='word_1_99' title='bbox 488 2581 616 2659; x_wconf 77' lang='lat' dir='ltr'><strong>Atoart,</strong></span> <span class='ocrx_word' id='word_1_100' title='bbox 632 2590 664 2646; x_wconf 84' lang='lat' dir='ltr'><strong>et</strong></span> <span class='ocrx_word' id='word_1_101' title='bbox 672 2584 761 2666; x_wconf 75' lang='lat' dir='ltr'><strong>filiis</strong></span> <span class='ocrx_word' id='word_1_102' title='bbox 778 2585 882 2664; x_wconf 73' lang='lat' dir='ltr'><strong>paco,</strong></span> <span class='ocrx_word' id='word_1_103' title='bbox 897 2587 954 2664; x_wconf 78' lang='lat' dir='ltr'><strong>qut</strong></span> <span class='ocrx_word' id='word_1_104' title='bbox 968 2585 1006 2646; x_wconf 75' lang='lat' dir='ltr'><strong>in</strong></span> <span class='ocrx_word' id='word_1_105' title='bbox 1019 2585 1160 2666; x_wconf 74' lang='lat' dir='ltr'><strong>oopitulo</strong></span> <span class='ocrx_word' id='word_1_106' title='bbox 1175 2582 1340 2648; x_wconf 68' lang='lat' dir='ltr'><strong>arroasia</strong></span> 
     </span>
     <span class='ocr_line' id='line_1_16' title="bbox 429 2686 1339 2761; baseline 0.003 -13"><span class='ocrx_word' id='word_1_107' title='bbox 429 2687 628 2761; x_wconf 63' lang='lat' dir='ltr'><strong>marmora,</strong></span> <span class='ocrx_word' id='word_1_108' title='bbox 667 2686 706 2748; x_wconf 85' lang='lat' dir='ltr'><strong>T.</strong></span> <span class='ocrx_word' id='word_1_109' title='bbox 739 2686 878 2750; x_wconf 75' lang='lat' dir='ltr'><strong>Samrae</strong></span> <span class='ocrx_word' id='word_1_110' title='bbox 915 2686 1166 2750; x_wconf 70' lang='lat' dir='ltr'><strong>cantuariensis</strong></span> <span class='ocrx_word' id='word_1_111' title='bbox 1201 2686 1339 2751; x_wconf 75' lang='lat' dir='ltr'><strong>aoeleaioe</strong></span> 
     </span>
     <span class='ocr_line' id='line_1_17' title="bbox 430 2789 882 2853; baseline 0 -2"><span class='ocrx_word' id='word_1_112' title='bbox 430 2790 577 2853; x_wconf 57' lang='lat' dir='ltr'><strong>minutor</strong></span> <span class='ocrx_word' id='word_1_113' title='bbox 591 2789 723 2852; x_wconf 68' lang='lat' dir='ltr'><strong>humilia</strong></span> <span class='ocrx_word' id='word_1_114' title='bbox 736 2789 882 2852; x_wconf 84' lang='lat' dir='ltr'><strong>solutam.</strong></span> 
     </span>
    </p>
   </div>
   <div class='ocr_carea' id='block_1_5' title="bbox 379 2936 1341 4442">
    <p class='ocr_par' dir='ltr' id='par_1_6' title="bbox 379 2936 1341 4442">
     <span class='ocr_line' id='line_1_18' title="bbox 431 2936 1339 3025; baseline -0.006 -20"><span class='ocrx_word' id='word_1_115' title='bbox 431 2946 482 3005; x_wconf 85' lang='lat' dir='ltr'><strong>An</strong></span> <span class='ocrx_word' id='word_1_116' title='bbox 512 2938 624 3004; x_wconf 88' lang='lat' dir='ltr'><strong>ordine</strong></span> <span class='ocrx_word' id='word_1_117' title='bbox 654 2952 759 3003; x_wconf 89' lang='lat' dir='ltr'><strong>vestro</strong></span> <span class='ocrx_word' id='word_1_118' title='bbox 796 2936 837 3001; x_wconf 91' lang='lat' dir='ltr'><strong>de</strong></span> <span class='ocrx_word' id='word_1_119' title='bbox 866 2960 949 3002; x_wconf 84' lang='lat' dir='ltr'><strong>novo</strong></span> <span class='ocrx_word' id='word_1_120' title='bbox 984 2937 1069 3025; x_wconf 87' lang='lat' dir='ltr'><strong>apud</strong></span> <span class='ocrx_word' id='word_1_121' title='bbox 1100 2961 1156 3002; x_wconf 83' lang='lat' dir='ltr'><strong>voa</strong></span> <span class='ocrx_word' id='word_1_122' title='bbox 1192 2937 1339 3003; x_wconf 84' lang='lat' dir='ltr'><strong>scandala</strong></span> 
     </span>
     <span class='ocr_line' id='line_1_19' title="bbox 387 3038 1338 3127; baseline -0.003 -21"><span class='ocrx_word' id='word_1_123' title='bbox 387 3052 595 3115; x_wconf 83' lang='lat' dir='ltr'><strong>emerserunt,</strong></span> <span class='ocrx_word' id='word_1_124' title='bbox 611 3051 702 3103; x_wconf 89' lang='lat' dir='ltr'><strong>tanto</strong></span> <span class='ocrx_word' id='word_1_125' title='bbox 716 3038 848 3124; x_wconf 91' lang='lat' dir='ltr'><strong>quidem</strong></span> <span class='ocrx_word' id='word_1_126' title='bbox 869 3040 1024 3104; x_wconf 85' lang='lat' dir='ltr'><strong>amariora</strong></span> <span class='ocrx_word' id='word_1_127' title='bbox 1043 3038 1203 3121; x_wconf 78' lang='lat' dir='ltr'><strong>fidelibus,</strong></span> <span class='ocrx_word' id='word_1_128' title='bbox 1217 3053 1338 3127; x_wconf 90' lang='lat' dir='ltr'><strong>quanto</strong></span> 
     </span>
     <span class='ocr_line' id='line_1_20' title="bbox 388 3141 1338 3230; baseline -0.002 -22"><span class='ocrx_word' id='word_1_129' title='bbox 388 3146 524 3230; x_wconf 83' lang='lat' dir='ltr'><strong>praevisa</strong></span> <span class='ocrx_word' id='word_1_130' title='bbox 546 3141 661 3216; x_wconf 90' lang='lat' dir='ltr'><strong>minus,</strong></span> <span class='ocrx_word' id='word_1_131' title='bbox 684 3154 717 3205; x_wconf 93' lang='lat' dir='ltr'><strong>et</strong></span> <span class='ocrx_word' id='word_1_132' title='bbox 741 3152 857 3228; x_wconf 84' lang='lat' dir='ltr'><strong>praeter</strong></span> <span class='ocrx_word' id='word_1_133' title='bbox 880 3142 1060 3229; x_wconf 87' lang='lat' dir='ltr'><strong>opinionem</strong></span> <span class='ocrx_word' id='word_1_134' title='bbox 1089 3142 1232 3207; x_wconf 89' lang='lat' dir='ltr'><strong>omnium</strong></span> <span class='ocrx_word' id='word_1_135' title='bbox 1257 3141 1338 3206; x_wconf 84' lang='lat' dir='ltr'><strong>aori-</strong></span> 
     </span>
     <span class='ocr_line' id='line_1_21' title="bbox 387 3242 1339 3329; baseline -0.001 -20"><span class='ocrx_word' id='word_1_136' title='bbox 387 3244 515 3309; x_wconf 86' lang='lat' dir='ltr'><strong>derunt.</strong></span> <span class='ocrx_word' id='word_1_137' title='bbox 560 3242 657 3307; x_wconf 77' lang='lat' dir='ltr'><strong>Zetus</strong></span> <span class='ocrx_word' id='word_1_138' title='bbox 672 3243 802 3329; x_wconf 92' lang='lat' dir='ltr'><strong>quidem</strong></span> <span class='ocrx_word' id='word_1_139' title='bbox 818 3258 851 3310; x_wconf 93' lang='lat' dir='ltr'><strong>et</strong></span> <span class='ocrx_word' id='word_1_140' title='bbox 865 3246 1037 3321; x_wconf 87' lang='lat' dir='ltr'><strong>contentio,</strong></span> <span class='ocrx_word' id='word_1_141' title='bbox 1054 3244 1189 3310; x_wconf 85' lang='lat' dir='ltr'><strong>carnalis</strong></span> <span class='ocrx_word' id='word_1_142' title='bbox 1206 3246 1339 3310; x_wconf 75' lang='lat' dir='ltr'><strong>affectus</strong></span> 
     </span>
     <span class='ocr_line' id='line_1_22' title="bbox 388 3342 1340 3431; baseline 0.001 -24"><span class='ocrx_word' id='word_1_143' title='bbox 388 3342 505 3407; x_wconf 87' lang='lat' dir='ltr'><strong>indicia</strong></span> <span class='ocrx_word' id='word_1_144' title='bbox 520 3354 607 3422; x_wconf 88' lang='lat' dir='ltr'><strong>sunt,</strong></span> <span class='ocrx_word' id='word_1_145' title='bbox 621 3355 651 3406; x_wconf 88' lang='lat' dir='ltr'><strong>et</strong></span> <span class='ocrx_word' id='word_1_146' title='bbox 668 3342 807 3429; x_wconf 82' lang='lat' dir='ltr'><strong>propriae</strong></span> <span class='ocrx_word' id='word_1_147' title='bbox 822 3342 990 3431; x_wconf 77' lang='lat' dir='ltr'><strong>dignitatis</strong></span> <span class='ocrx_word' id='word_1_148' title='bbox 1003 3344 1184 3409; x_wconf 88' lang='lat' dir='ltr'><strong>inordinata</strong></span> <span class='ocrx_word' id='word_1_149' title='bbox 1197 3342 1340 3409; x_wconf 81' lang='lat' dir='ltr'><strong>defensio</strong></span> 
     </span>
     <span class='ocr_line' id='line_1_23' title="bbox 387 3443 1339 3531; baseline 0.004 -23"><span class='ocrx_word' id='word_1_150' title='bbox 387 3443 590 3509; x_wconf 76' lang='lat' dir='ltr'><strong>ambitionem</strong></span> <span class='ocrx_word' id='word_1_151' title='bbox 614 3444 732 3531; x_wconf 83' lang='lat' dir='ltr'><strong>arguit,</strong></span> <span class='ocrx_word' id='word_1_152' title='bbox 747 3461 778 3509; x_wconf 85' lang='lat' dir='ltr'><strong>et</strong></span> <span class='ocrx_word' id='word_1_153' title='bbox 802 3446 970 3511; x_wconf 86' lang='lat' dir='ltr'><strong>convincit.</strong></span> <span class='ocrx_word' id='word_1_154' title='bbox 1016 3450 1101 3511; x_wconf 84' lang='lat' dir='ltr'><strong>Ecce</strong></span> <span class='ocrx_word' id='word_1_155' title='bbox 1121 3445 1206 3510; x_wconf 87' lang='lat' dir='ltr'><strong>iuter</strong></span> <span class='ocrx_word' id='word_1_156' title='bbox 1225 3445 1339 3512; x_wconf 76' lang='lat' dir='ltr'><strong>fratrea</strong></span> 
     </span>
     <span class='ocr_line' id='line_1_24' title="bbox 389 3544 1339 3632; baseline 0.001 -25"><span class='ocrx_word' id='word_1_157' title='bbox 389 3558 509 3610; x_wconf 84' lang='lat' dir='ltr'><strong>vestros</strong></span> <span class='ocrx_word' id='word_1_158' title='bbox 524 3568 586 3609; x_wconf 90' lang='lat' dir='ltr'><strong>non</strong></span> <span class='ocrx_word' id='word_1_159' title='bbox 602 3545 698 3610; x_wconf 89' lang='lat' dir='ltr'><strong>modo</strong></span> <span class='ocrx_word' id='word_1_160' title='bbox 712 3545 876 3623; x_wconf 88' lang='lat' dir='ltr'><strong>emulatio,</strong></span> <span class='ocrx_word' id='word_1_161' title='bbox 888 3544 943 3609; x_wconf 80' lang='lat' dir='ltr'><strong>sed</strong></span> <span class='ocrx_word' id='word_1_162' title='bbox 954 3547 1022 3632; x_wconf 90' lang='lat' dir='ltr'><strong>jam</strong></span> <span class='ocrx_word' id='word_1_163' title='bbox 1037 3546 1107 3609; x_wconf 86' lang='lat' dir='ltr'><strong>rixa</strong></span> <span class='ocrx_word' id='word_1_164' title='bbox 1120 3557 1180 3627; x_wconf 87' lang='lat' dir='ltr'><strong>est,</strong></span> <span class='ocrx_word' id='word_1_165' title='bbox 1190 3545 1259 3631; x_wconf 87' lang='lat' dir='ltr'><strong>jam</strong></span> <span class='ocrx_word' id='word_1_166' title='bbox 1274 3545 1339 3610; x_wconf 81' lang='lat' dir='ltr'><strong>fere</strong></span> 
     </span>
     <span class='ocr_line' id='line_1_25' title="bbox 387 3636 1341 3735; baseline 0 -24"><span class='ocrx_word' id='word_1_167' title='bbox 387 3646 511 3732; x_wconf 79' lang='lat' dir='ltr'><strong>avergit</strong></span> <span class='ocrx_word' id='word_1_168' title='bbox 520 3646 551 3712; x_wconf 89' lang='lat' dir='ltr'><strong>in</strong></span> <span class='ocrx_word' id='word_1_169' title='bbox 562 3636 713 3735; x_wconf 81' lang='lat' dir='ltr'><strong>pugnam.</strong></span> <span class='ocrx_word' id='word_1_170' title='bbox 731 3649 823 3733; x_wconf 78' lang='lat' dir='ltr'><strong>saepe</strong></span> <span class='ocrx_word' id='word_1_171' title='bbox 832 3647 1080 3733; x_wconf 83' lang='lat' dir='ltr'><strong>interposuimus</strong></span> <span class='ocrx_word' id='word_1_172' title='bbox 1091 3660 1198 3733; x_wconf 83' lang='lat' dir='ltr'><strong>partes</strong></span> <span class='ocrx_word' id='word_1_173' title='bbox 1206 3659 1341 3723; x_wconf 75' lang='lat' dir='ltr'><strong>nostrus,</strong></span> 
     </span>
     <span class='ocr_line' id='line_1_26' title="bbox 388 3745 1341 3836; baseline -0.002 -22"><span class='ocrx_word' id='word_1_174' title='bbox 388 3762 423 3814; x_wconf 92' lang='lat' dir='ltr'><strong>nt</strong></span> <span class='ocrx_word' id='word_1_175' title='bbox 439 3772 501 3836; x_wconf 84' lang='lat' dir='ltr'><strong>pax</strong></span> <span class='ocrx_word' id='word_1_176' title='bbox 518 3751 745 3815; x_wconf 83' lang='lat' dir='ltr'><strong>reformaretur</strong></span> <span class='ocrx_word' id='word_1_177' title='bbox 756 3752 789 3813; x_wconf 89' lang='lat' dir='ltr'><strong>in</strong></span> <span class='ocrx_word' id='word_1_178' title='bbox 805 3751 901 3813; x_wconf 92' lang='lat' dir='ltr'><strong>domo</strong></span> <span class='ocrx_word' id='word_1_179' title='bbox 913 3748 1058 3827; x_wconf 90' lang='lat' dir='ltr'><strong>Domini,</strong></span> <span class='ocrx_word' id='word_1_180' title='bbox 1067 3764 1100 3813; x_wconf 92' lang='lat' dir='ltr'><strong>et</strong></span> <span class='ocrx_word' id='word_1_181' title='bbox 1113 3745 1341 3835; x_wconf 89' lang='lat' dir='ltr'><strong>oompoaitione</strong></span> 
     </span>
     <span class='ocr_line' id='line_1_27' title="bbox 387 3849 1340 3936; baseline 0.003 -24"><span class='ocrx_word' id='word_1_182' title='bbox 387 3851 436 3914; x_wconf 83' lang='lat' dir='ltr'><strong>vel</strong></span> <span class='ocrx_word' id='word_1_183' title='bbox 448 3852 573 3936; x_wconf 86' lang='lat' dir='ltr'><strong>judicio</strong></span> <span class='ocrx_word' id='word_1_184' title='bbox 584 3851 732 3916; x_wconf 83' lang='lat' dir='ltr'><strong>scandala</strong></span> <span class='ocrx_word' id='word_1_185' title='bbox 743 3850 784 3915; x_wconf 88' lang='lat' dir='ltr'><strong>de</strong></span> <span class='ocrx_word' id='word_1_186' title='bbox 796 3849 900 3914; x_wconf 90' lang='lat' dir='ltr'><strong>medio</strong></span> <span class='ocrx_word' id='word_1_187' title='bbox 916 3849 1112 3915; x_wconf 86' lang='lat' dir='ltr'><strong>tollerentur.</strong></span> <span class='ocrx_word' id='word_1_188' title='bbox 1136 3850 1252 3915; x_wconf 81' lang='lat' dir='ltr'><strong>Vexati</strong></span> <span class='ocrx_word' id='word_1_189' title='bbox 1264 3873 1340 3936; x_wconf 77' lang='lat' dir='ltr'><strong>ergo</strong></span> 
     </span>
     <span class='ocr_line' id='line_1_28' title="bbox 386 3951 1339 4039; baseline -0.001 -23"><span class='ocrx_word' id='word_1_190' title='bbox 386 3974 508 4027; x_wconf 84' lang='lat' dir='ltr'><strong>sumus,</strong></span> <span class='ocrx_word' id='word_1_191' title='bbox 518 3967 549 4016; x_wconf 90' lang='lat' dir='ltr'><strong>et</strong></span> <span class='ocrx_word' id='word_1_192' title='bbox 562 3976 624 4016; x_wconf 91' lang='lat' dir='ltr'><strong>non</strong></span> <span class='ocrx_word' id='word_1_193' title='bbox 640 3954 833 4039; x_wconf 80' lang='lat' dir='ltr'><strong>profecimus</strong></span> <span class='ocrx_word' id='word_1_194' title='bbox 847 3951 1030 4038; x_wconf 91' lang='lat' dir='ltr'><strong>quicquam,</strong></span> <span class='ocrx_word' id='word_1_195' title='bbox 1043 3951 1098 4016; x_wconf 88' lang='lat' dir='ltr'><strong>sed</strong></span> <span class='ocrx_word' id='word_1_196' title='bbox 1113 3951 1198 4016; x_wconf 84' lang='lat' dir='ltr'><strong>fiunt</strong></span> <span class='ocrx_word' id='word_1_197' title='bbox 1210 3952 1245 4017; x_wconf 90' lang='lat' dir='ltr'><strong>in</strong></span> <span class='ocrx_word' id='word_1_198' title='bbox 1259 3951 1339 4031; x_wconf 84' lang='lat' dir='ltr'><strong>dies,</strong></span> 
     </span>
     <span class='ocr_line' id='line_1_29' title="bbox 385 4050 1340 4140; baseline 0.001 -24"><span class='ocrx_word' id='word_1_199' title='bbox 385 4050 445 4116; x_wconf 88' lang='lat' dir='ltr'><strong>nisi</strong></span> <span class='ocrx_word' id='word_1_200' title='bbox 462 4053 551 4116; x_wconf 90' lang='lat' dir='ltr'><strong>Deus</strong></span> <span class='ocrx_word' id='word_1_201' title='bbox 563 4075 690 4117; x_wconf 91' lang='lat' dir='ltr'><strong>manum</strong></span> <span class='ocrx_word' id='word_1_202' title='bbox 706 4066 859 4140; x_wconf 83' lang='lat' dir='ltr'><strong>apponat,</strong></span> <span class='ocrx_word' id='word_1_203' title='bbox 872 4053 1041 4118; x_wconf 88' lang='lat' dir='ltr'><strong>novissima</strong></span> <span class='ocrx_word' id='word_1_204' title='bbox 1055 4075 1167 4118; x_wconf 88' lang='lat' dir='ltr'><strong>eorum</strong></span> <span class='ocrx_word' id='word_1_205' title='bbox 1183 4053 1340 4118; x_wconf 77' lang='lat' dir='ltr'><strong>deteriora</strong></span> 
     </span>
     <span class='ocr_line' id='line_1_30' title="bbox 385 4152 1337 4241; baseline -0.001 -23"><span class='ocrx_word' id='word_1_206' title='bbox 385 4152 553 4240; x_wconf 83' lang='lat' dir='ltr'><strong>prioribus.</strong></span> <span class='ocrx_word' id='word_1_207' title='bbox 613 4154 726 4218; x_wconf 80' lang='lat' dir='ltr'><strong>Abbas</strong></span> <span class='ocrx_word' id='word_1_208' title='bbox 754 4155 794 4217; x_wconf 90' lang='lat' dir='ltr'><strong>de</strong></span> <span class='ocrx_word' id='word_1_209' title='bbox 830 4153 1031 4229; x_wconf 60' lang='lat' dir='ltr'><strong>Lisleshulla</strong></span> <span class='ocrx_word' id='word_1_210' title='bbox 1061 4166 1093 4218; x_wconf 93' lang='lat' dir='ltr'><strong>et</strong></span> <span class='ocrx_word' id='word_1_211' title='bbox 1123 4153 1241 4219; x_wconf 83' lang='lat' dir='ltr'><strong>fratres</strong></span> <span class='ocrx_word' id='word_1_212' title='bbox 1269 4154 1337 4241; x_wconf 86' lang='lat' dir='ltr'><strong>ejus</strong></span> 
     </span>
     <span class='ocr_line' id='line_1_31' title="bbox 379 4252 1336 4344; baseline -0.003 -24"><span class='ocrx_word' id='word_1_213' title='bbox 379 4253 517 4344; x_wconf 83' lang='lat' dir='ltr'><strong>justitiae</strong></span> <span class='ocrx_word' id='word_1_214' title='bbox 547 4252 674 4317; x_wconf 80' lang='lat' dir='ltr'><strong>semitas</strong></span> <span class='ocrx_word' id='word_1_215' title='bbox 703 4276 766 4317; x_wconf 87' lang='lat' dir='ltr'><strong>uon</strong></span> <span class='ocrx_word' id='word_1_216' title='bbox 797 4267 986 4339; x_wconf 86' lang='lat' dir='ltr'><strong>sequuntur,</strong></span> <span class='ocrx_word' id='word_1_217' title='bbox 1010 4277 1049 4318; x_wconf 90' lang='lat' dir='ltr'><strong>eo</strong></span> <span class='ocrx_word' id='word_1_218' title='bbox 1074 4253 1161 4338; x_wconf 88' lang='lat' dir='ltr'><strong>quod</strong></span> <span class='ocrx_word' id='word_1_219' title='bbox 1189 4254 1336 4319; x_wconf 80' lang='lat' dir='ltr'><strong>aberrant</strong></span> 
     </span>
     <span class='ocr_line' id='line_1_32' title="bbox 384 4352 1334 4442; baseline -0.004 -20"><span class='ocrx_word' id='word_1_220' title='bbox 384 4356 510 4442; x_wconf 86' lang='lat' dir='ltr'><strong>longius</strong></span> <span class='ocrx_word' id='word_1_221' title='bbox 533 4378 552 4418; x_wconf 88' lang='lat' dir='ltr'><strong>a</strong></span> <span class='ocrx_word' id='word_1_222' title='bbox 577 4354 718 4435; x_wconf 81' lang='lat' dir='ltr'><strong>caritate,</strong></span> <span class='ocrx_word' id='word_1_223' title='bbox 743 4369 775 4420; x_wconf 91' lang='lat' dir='ltr'><strong>et</strong></span> <span class='ocrx_word' id='word_1_224' title='bbox 802 4353 944 4419; x_wconf 87' lang='lat' dir='ltr'><strong>nesciunt</strong></span> <span class='ocrx_word' id='word_1_225' title='bbox 967 4357 1049 4419; x_wconf 84' lang='lat' dir='ltr'><strong>viam</strong></span> <span class='ocrx_word' id='word_1_226' title='bbox 1077 4352 1174 4438; x_wconf 88' lang='lat' dir='ltr'><strong>pacis,</strong></span> <span class='ocrx_word' id='word_1_227' title='bbox 1199 4368 1334 4440; x_wconf 84' lang='lat' dir='ltr'><strong>utraque</strong></span> 
     </span>
    </p>
   </div>
   <div class='ocr_carea' id='block_1_6' title="bbox 0 0 1528 5500">
    <p class='ocr_par' dir='ltr' id='par_1_7' title="bbox 0 0 1528 5500">
     <span class='ocr_line' id='line_1_33' title="bbox 0 0 1528 5500; baseline 0 0"><span class='ocrx_word' id='word_1_228' title='bbox 0 0 1528 5500; x_wconf 95' lang='lat' dir='ltr'><strong> </strong></span> 
     </span>
    </p>
   </div>
  </div>
 </body>
</html>
