3034 5500
147 758 349 839 troo-oa]
538 773 715 819 anismam.
1044 766 1105 825 149

141 941 260 1014 gatam.
310 924 446 989 Illarum
460 925 580 1010 quippe
595 925 733 1007 regimen
750 925 934 1012 suscepistis
945 925 1104 992 aClunia·

142 1028 290 1092 censibus
309 1024 463 1091 absoluti.
509 1026 581 1102 Qua
601 1049 676 1109 ergo
691 1025 814 1089 ratione
836 1026 877 1090 ab
892 1026 961 1091 istis
975 1027 1016 1091 ad
1032 1027 1104 1091 illos

142 1129 344 1194 divertistis?
377 1126 546 1212 Numquid
563 1149 690 1213 aequum
713 1139 775 1203 est,
790 1128 859 1193 istis
880 1129 1102 1205 esurientibus,

142 1254 252 1295 eorum
264 1252 349 1316 pane
363 1228 436 1292 illos
451 1228 577 1292 satiari?
603 1230 683 1292 Haec
694 1250 756 1291 non
768 1229 864 1292 modo
875 1229 997 1294 domini
1008 1232 1102 1316 regis,

143 1333 195 1397 sed
213 1337 280 1397 sere
291 1331 437 1395 omnium
453 1329 582 1415 querela
597 1343 654 1394 est.
700 1333 796 1395 Certe
811 1354 850 1393 an
869 1334 958 1416 justa
978 1337 1030 1410 sit,
1046 1356 1103 1396 vos

145 1434 297 1500 videritis.
345 1431 506 1494 Proeterea
518 1454 557 1494 ex
572 1432 715 1496 absentia
728 1442 832 1495 vestra
844 1455 876 1495 se
892 1433 923 1496 in
937 1435 1104 1498 necessita-

143 1537 229 1602 tibus
244 1535 335 1620 regni
350 1556 370 1597 a
384 1533 513 1597 consilio
533 1547 638 1598 vestro
653 1546 685 1596 et
701 1532 823 1597 auxilio
845 1533 992 1618 queritur
1007 1534 1103 1598 desti-

142 1652 263 1714 tutum,
279 1659 395 1724 quum,
410 1635 548 1699 Domino
564 1634 784 1721 praecipiente,
801 1635 919 1699 Caesari
944 1635 1033 1699 reddi
1050 1636 1104 1699 de-

143 1741 238 1805 beant
250 1750 410 1825 quaesunt
424 1737 567 1802 Caesaris.
592 1737 689 1801 Unde
701 1737 1061 1822 plurimisuaserunt,ut
1070 1738 1102 1800 in
1115 1762 1117 1766 ·

142 1865 252 1907 omnes
268 1853 390 1904 vestros
405 1839 518 1903 durius
530 1853 648 1925 ageret,
659 1853 691 1903 et
703 1841 735 1902 in
748 1840 832 1903 bona
840 1839 990 1915 ecclesiae,
1004 1863 1104 1924 usque

143 1944 181 2008 ad
195 1943 365 2009 thesauros
380 1941 519 2018 intimos,
535 1964 663 2006 manum
680 1941 877 2005 extenderet.
902 1945 975 2028 lpse
985 1955 1103 2019 tamen,

143 2045 298 2109 incitante
317 2067 350 2106 se
367 2042 474 2119 turba,
490 2043 631 2106 continet
648 2065 762 2106 manus
778 2064 860 2118 suas,
876 2055 907 2104 et
927 2041 1102 2105 adventum

144 2160 288 2209 vestrum
305 2156 480 2228 utcumque
502 2155 662 2227 expectat.
709 2141 802 2219 Quod
827 2144 853 2206 si
876 2140 1049 2221 ecclesiam,
1071 2154 1104 2207 et

143 2269 254 2311 omnes
270 2258 392 2309 vestros
404 2244 463 2307 bac
478 2243 703 2330 provocatione
713 2246 809 2328 regiae
821 2242 1031 2328 indignationi
1049 2267 1104 2307 ex-

143 2346 329 2432 posueritis,
346 2344 522 2409 timendum
540 2359 587 2407 est
604 2366 642 2407 ne
667 2345 793 2408 veniant
819 2346 940 2430 majora
955 2359 1054 2421 metu,
1070 2358 1103 2409 et

145 2471 212 2527 vos,
242 2470 327 2533 quos
359 2445 517 2509 declinare
545 2468 608 2508 non
639 2445 738 2509 vultis
768 2447 931 2530 praevisos,
962 2447 1102 2511 sentiatis

144 2549 271 2613 aculeos
293 2546 497 2634 postmodum
523 2547 676 2611 duriores.
723 2550 893 2611 Precamur
914 2571 1000 2633 ergo,
1022 2548 1103 2613 etin

146 2651 267 2714 virtute
282 2647 425 2712 caritatis
440 2647 635 2710 consulimus
651 2660 686 2710 ut
704 2646 850 2724 redeatis,
864 2660 896 2711 et
912 2671 950 2711 ex
967 2671 1033 2732 quo
1046 2670 1102 2710 vos

145 2751 341 2817 audierimus
362 2772 429 2813 esse
451 2748 605 2825 Boloniae,
622 2750 712 2813 vobis
735 2752 766 2811 in
788 2747 858 2831 ipso
874 2750 980 2812 littore
995 2760 1103 2812 nostro

144 2874 360 2931 occurremus,
373 2852 573 2935 procuraturi
586 2848 749 2934 quomodo
761 2848 801 2910 ad
819 2847 981 2911 dominum
995 2871 1101 2931 regem

143 2979 216 3020 cum
232 2956 354 3020 honore
376 2953 579 3040 perveniatis,
599 2966 632 3017 et
656 2951 729 3015 finis
748 2951 915 3036 jucundus
937 2950 1035 3015 tantis
1058 2950 1102 3015 ia-

144 3058 279 3123 boribus
294 3058 488 3143 imponatur.

243 3263 464 3327 EPISTOLA
488 3260 615 3326 C.-ao
632 3280 740 3324 ranam
756 3280 998 3325 annxrunnuu.

397 3414 536 3476 Domino
552 3412 658 3493 Popae
672 3411 867 3476 Alexandro.

187 3552 242 3615 Ex
259 3547 410 3611 mandato
434 3545 612 3608 sanctitatis
629 3558 743 3610 vestrae
765 3548 797 3609 in
813 3549 1013 3632 praesentiam
1029 3571 1101 3615 nos-

146 3667 227 3718 tram
240 3649 411 3715 citavimus
423 3646 632 3712 venerabiiem
648 3648 749 3712 virum
768 3652 810 3714 G.
821 3651 978 3715 Abbatem
995 3652 1101 3719 West·

144 3752 422 3819 monasteriensem
445 3751 609 3816 monacbis
623 3752 664 3814 de
678 3755 717 3815 M
718 3753 857 3816 alvernia
872 3776 1099 3839 responsurum

144 3854 308 3943 superbis
331 3877 406 3940 quae
420 3855 453 3918 iu
469 3854 633 3918 audientia
656 3866 760 3916 vestra
775 3853 928 3918 adversus
942 3879 1012 3920 eum
1029 3880 1102 3942 pro·

144 3969 329 4045 posuerant.
378 3954 415 4019 ln
438 3955 507 4041 ipsa
529 3965 635 4018 autem
660 3955 865 4019 ventilatione
887 3980 991 4020 causae
1011 3957 1102 4023 nobis

144 4083 182 4124 ex
204 4056 390 4125 testimonio
406 4055 632 4119 venerabilium
657 4057 798 4120 virorum
822 4057 978 4122 Gileberti
1002 4064 1104 4124 Here-

142 4161 224 4226 ford.
240 4157 397 4246 episcopi,
413 4157 709 4221 Hameliniabbatis
721 4157 914 4238 Gioucestr.,
929 4159 1102 4243 Baginaldi

145 4265 269 4328 Persor.
285 4260 362 4324 abb.
386 4258 550 4322 evidenter
564 4258 725 4345 apparuit,
743 4258 832 4343 quod
855 4259 1001 4323 monachi
1016 4262 1100 4326 Mal·

145 4367 264 4429 vernia
279 4359 427 4447 graviora
442 4381 538 4444 quam
557 4358 638 4444 passi
656 4371 729 4423 sunt
753 4371 1005 4443 promeruerant,
1020 4358 1102 4423 vicio
