3034 5500
415 767 455 823 70
670 779 805 823 rasurus
821 776 1101 822 sanusnnmsusis
1268 761 1316 836 [a
1333 780 1361 824 n.

414 931 558 995 vertitur.
614 935 656 995 At
682 930 810 1015 justitia
837 927 967 992 Domini
997 927 1028 990 in
1058 940 1216 992 aeternum
1242 929 1367 1014 justitia

414 1048 472 1097 est.
514 1033 645 1098 Interim
660 1033 761 1095 donec
777 1030 934 1095 illuminet
949 1029 1137 1095 abscondita
1152 1031 1364 1107 tenebrarum,

414 1135 609 1200 invocandus
623 1148 671 1199 eet
685 1148 716 1198 et
740 1134 912 1217 rogandus,
929 1147 966 1197 ut
990 1133 1158 1198 manifesto
1173 1132 1365 1199 demonstret

410 1240 545 1325 judicio,
557 1260 649 1323 quem
663 1238 734 1323 ipse
745 1235 908 1323 praeelegit
920 1235 1061 1321 accipere
1073 1249 1190 1300 sortem
1203 1237 1364 1302 ministerii

416 1341 523 1427 liujus.
579 1336 612 1404 Si
639 1355 744 1405 tamen
770 1337 851 1402 nihil
880 1351 928 1402 est
955 1337 1042 1422 quod
1069 1338 1245 1424 quaestioni
1274 1340 1365 1404 faciat

417 1443 533 1522 locum,
547 1456 604 1506 aut
626 1440 775 1505 dubitare
799 1437 961 1526 permittat
984 1439 1032 1502 vel
1056 1439 1282 1505 Academicum
1305 1442 1367 1505 fere

416 1543 457 1607 ad
469 1543 575 1607 omnia
586 1546 806 1616 fluctuantem,
817 1563 915 1627 quum
928 1563 1044 1604 norum
1056 1564 1115 1627 par
1127 1541 1368 1623 decertantium,

417 1647 450 1708 ln
466 1646 608 1709 omnium
624 1643 817 1708 intuentium
830 1655 992 1728 stuporem
1008 1643 1148 1708 Domino
1163 1647 1367 1730 permittente

418 1747 616 1833 processerit,
632 1746 705 1810 binc
721 1759 789 1810 tota
804 1754 905 1808 stante
920 1744 1073 1818 Ecclesia,
1089 1745 1164 1810 inde
1178 1745 1254 1810 solis
1269 1747 1367 1812 tribus

418 1849 552 1933 flagellis
581 1847 775 1923 arundineis,
801 1847 832 1911 in
863 1871 907 1924 se,
933 1846 1011 1911 dum
1042 1848 1185 1911 scindere
1215 1848 1367 1913 unitatem

419 1950 608 2028 moliuntur,
622 1948 762 2012 divinam
779 1948 1026 2031 provocantibus
1042 1948 1206 2013 ultionem.
1253 1949 1288 2013 Si
1302 1973 1369 2035 per·

419 2074 526 2116 sonam
539 2072 681 2136 personoe
691 2050 845 2125 conferas,
857 2050 937 2113 alter
952 2049 1110 2114 litteratus
1124 2070 1186 2129 est,
1196 2050 1367 2128 modestus,

420 2152 558 2228 humilis,
566 2152 704 2240 justitias
714 2153 849 2216 zelator:
871 2156 951 2216 alter
962 2151 1059 2216 solam
1071 2174 1195 2237 semper
1206 2152 1369 2239 amplexas

420 2270 467 2320 est
494 2255 685 2319 vanitatem:
724 2253 749 2316 si
778 2276 904 2317 caumm
934 2274 1052 2332 causae,
1077 2254 1160 2317 alter
1184 2253 1317 2339 ingessit
1341 2278 1371 2319 ae

420 2371 570 2443 tanquam
586 2356 640 2419 fur
654 2369 687 2418 et
706 2355 788 2418 latro
811 2377 906 2419 manu
923 2354 1073 2433 violenta,
1088 2356 1260 2442 exquisitis
1281 2357 1370 2432 dolis,

419 2483 535 2548 sponso
551 2458 746 2542 indignante,
763 2460 795 2521 in
811 2478 937 2542 sponsae
959 2461 1127 2542 amplexus
1148 2458 1263 2524 irruit:
1294 2458 1371 2524 alter

418 2576 506 2626 casto
517 2561 639 2648 pudore
650 2561 794 2625 substitit
803 2573 974 2643 antequam
986 2560 1244 2626 introduceretur
1253 2585 1274 2626 e
1282 2584 1372 2648 spon·

421 2688 465 2729 sa.
511 2663 607 2728 Unde
629 2662 802 2726 verendum
818 2683 857 2724 ne
873 2673 938 2725 tam
955 2662 1113 2725 manifesti
1130 2663 1257 2727 sceleris
1275 2662 1372 2728 dilata

420 2765 584 2831 damnatio
594 2787 687 2829 suum
697 2759 859 2827 schismati
870 2761 1017 2827 videatur
1026 2763 1374 2849 praebereconsensum.

466 2869 555 2933 Licet
577 2867 726 2930 domiuus
741 2864 981 2928 Cantuariensis
999 2863 1152 2949 languore
1173 2864 1371 2950 gravissimo,

421 2984 460 3035 ut
475 2970 569 3046 noeti,
580 2981 737 3039 teneatur,
752 2967 851 3052 hujus
866 2981 970 3030 temen
986 2970 1174 3031 necessitate
1190 2966 1292 3044 verbi,
1302 2990 1372 3033 enn-

422 3071 543 3134 rocatis
557 3068 714 3154 episcopis
725 3080 757 3130 et
772 3067 859 3131 clero
875 3067 973 3131 totius
989 3068 1089 3151 regni,
1103 3068 1288 3135 landinum
1304 3092 1374 3157 pro·

422 3184 525 3256 perat,
541 3178 577 3232 ut
592 3170 728 3232 fratrum
744 3182 918 3232 convocato
934 3169 1078 3245 concilio,
1094 3169 1173 3255 quid
1193 3169 1280 3236 facto
1293 3194 1374 3257 opus

423 3274 475 3347 sit,
491 3271 619 3334 domino
634 3271 701 3353 regi
724 3292 797 3333 eum
813 3272 989 3336 consulenti
1011 3271 1178 3357 signifioet.
1223 3271 1373 3340 'linieba-

424 3397 496 3438 mus
509 3396 550 3437 ne
561 3396 599 3437 ex
613 3395 708 3436 causa
722 3371 845 3437 itineris
858 3374 996 3459 amplius
1011 3387 1218 3459 gravaretur:
1242 3376 1376 3464 ideoque

425 3474 587 3540 Acardum
602 3488 741 3537 vestrum
757 3496 815 3559 per
829 3474 953 3559 aliquot
963 3475 1032 3539 dies
1042 3476 1165 3541 detinui
1177 3478 1375 3557 renitentem,

424 3592 460 3641 ut
485 3577 525 3640 de
547 3590 633 3641 statu
656 3576 797 3652 Domini,
813 3575 883 3662 ipso
899 3578 1054 3642 referente
1068 3600 1143 3663 quae
1158 3578 1298 3658 viderat,
1311 3603 1377 3646 cer.

425 3678 534 3744 tiorari
565 3682 676 3765 possis.
734 3680 786 3743 Ex
817 3703 884 3764 quo
912 3694 1018 3743 autem
1048 3680 1194 3745 lecticam
1224 3681 1377 3762 aseendit,

425 3783 627 3868 aliquatenus
643 3782 771 3845 videtur
792 3781 1002 3858 confortatus,
1018 3778 1092 3846 licet
1114 3781 1224 3847 adhuc
1245 3783 1378 3848 nimium

424 3887 611 3951 infestetur:
635 3883 869 3970 aliquantulum
886 3884 1048 3949 interdum
1066 3885 1191 3970 quievit
1206 3883 1333 3951 vomica
1344 3897 1376 3950 et

425 4004 537 4077 sponte
552 3987 702 4063 naturali,
714 3987 866 4073 purgatio
881 4001 1057 4072 reparatur.
1102 3987 1336 4053 Wintuniensis
1345 4003 1376 4052 et

426 4090 661 4166 Dunelmensis,
679 4103 715 4153 ut
736 4090 837 4169 aiunt,
853 4090 878 4154 si
897 4090 1074 4155 Octaviano
1095 4090 1200 4177 palam
1223 4090 1376 4156 auderent

425 4217 484 4278 pro
501 4207 574 4257 voto
590 4191 768 4274 suffragari,
784 4190 918 4256 libenter
933 4193 1083 4258 cederent
1097 4193 1130 4257 in
1149 4207 1274 4280 partem
1289 4194 1373 4278 ejus:

424 4309 574 4359 econtra
596 4293 816 4368 Eboracensis,
840 4309 870 4358 et
900 4296 1118 4360 thesaurarius
1140 4309 1248 4360 noster
1268 4295 1375 4359 forent

422 4396 497 4463 totis
513 4394 633 4459 viribus
650 4393 883 4473 Alexandrum,
899 4419 962 4459 non
981 4411 1086 4463 tamen
1111 4395 1169 4462 soli
1193 4410 1280 4473 sunt,
1294 4416 1373 4481 qno
