3034 5500
422 744 481 802 112
686 752 822 798 scaurus
838 753 1118 798 sanusnnnruusra
1280 731 1328 812 [s.
1347 753 1376 795 u.

417 905 500 969 enim
517 907 623 992 aspiro
635 903 677 967 ad
692 901 746 965 illa
765 922 840 988 quoe
854 901 895 966 ad
912 903 1091 968 societatem
1106 924 1171 965 non
1187 900 1375 975 admittunt,

416 1019 471 1073 aut
487 1007 653 1086 dirimunt,
663 1019 719 1069 aut
736 1004 990 1090 repugnantibus
1005 1002 1226 1077 arithmeticis,
1238 1001 1376 1087 phy-cis

417 1106 673 1182 reclamantibus,
688 1105 786 1169 immo
806 1106 923 1189 etipsa
945 1117 1095 1190 stupente
1116 1116 1245 1178 natura,
1260 1102 1376 1166 inseca-

417 1209 513 1273 bilem
531 1207 682 1273 dividunt
703 1205 868 1270 unitatem.
901 1205 994 1270 Absit
1016 1218 1052 1270 ut
1068 1228 1129 1289 ego
1149 1226 1279 1268 causam
1295 1226 1375 1288 prse-

417 1310 508 1375 beam
525 1333 564 1374 ne
586 1310 617 1372 in
633 1306 823 1394 appetendis
844 1319 877 1370 et
891 1305 1054 1390 fugiendis
1075 1305 1119 1370 sit
1138 1304 1224 1369 idem
1248 1304 1329 1369 aelle
1343 1318 1373 1368 et

415 1406 501 1471 idem
523 1405 606 1471 nolle
626 1406 657 1469 in
681 1404 785 1481 nobis,
800 1402 924 1467 mallem
949 1406 1063 1489 utique
1081 1425 1212 1491 operam
1236 1403 1325 1481 dare,
1339 1415 1373 1466 ut

416 1508 509 1573 nobis
524 1509 556 1572 in
574 1508 712 1573 Domino
726 1508 768 1571 sit
783 1528 837 1569 cor
853 1528 965 1582 unum,
980 1519 1013 1569 et
1027 1507 1134 1570 anima
1149 1527 1225 1569 uua.
1264 1506 1317 1569 Sic
1331 1508 1373 1570 sic

416 1608 607 1695 participant
630 1607 781 1672 inferiora
802 1605 1030 1692 superioribus,
1052 1619 1084 1670 et
1107 1609 1167 1683 sol,
1187 1627 1372 1692 quanquam

417 1709 628 1776 lucidissimus
638 1707 679 1772 sit
688 1721 721 1773 et
733 1707 932 1793 purissimus,
941 1729 1048 1772 amnes
1057 1720 1210 1793 cognatos
1221 1705 1371 1783 nubibus,

417 1823 449 1875 et
465 1810 634 1874 l‘oeculenta
653 1823 747 1874 terrae
768 1808 811 1872 ad
827 1807 1037 1894 receptionem
1062 1809 1110 1872 sui
1135 1806 1252 1872 caloris
1273 1822 1305 1874 et
1327 1810 1371 1872 ri·

416 1912 502 1997 goris
516 1932 684 1995 agnoscere
699 1932 763 1973 non
779 1907 981 1992 dedignatur.
1015 1909 1143 1974 Mutuis
1158 1910 1288 1975 auxiliis
1302 1932 1372 1974 con·

417 2024 501 2074 stant
517 2011 634 2086 omnia,
650 2024 682 2073 et
702 2008 815 2094 gravia
838 2009 973 2072 vicissim
997 2008 1122 2074 levibus
1142 2023 1371 2098 temperantur,

415 2126 447 2176 et
466 2110 610 2196 profecto
632 2134 669 2174 eo
693 2110 736 2173 sic
757 2111 901 2175 universa
925 2109 1115 2196 procedunt,
1137 2112 1231 2198 quod
1254 2126 1370 2177 tantam

416 2212 637 2276 dissidentium
654 2211 867 2291 concordiam,
881 2226 914 2277 et
925 2213 1126 2277 concordium
1144 2212 1371 2292 dissidentiam,

417 2313 500 2377 idem
513 2313 730 2378 unanimitatis
738 2314 882 2399 spiritus,
893 2313 981 2378 intus
993 2314 1061 2394 alit,
1072 2330 1105 2379 et
1114 2330 1152 2381 ut
1162 2316 1224 2381 sibi
1239 2318 1370 2382 invicem

414 2412 532 2476 vicario
546 2413 686 2499 quodam
698 2413 872 2479 ministerio
883 2428 1055 2478 consonent
1066 2415 1223 2480 mundani
1233 2418 1371 2504 corporis

415 2527 521 2601 partes
536 2515 622 2578 velut
638 2516 780 2580 membra
795 2514 945 2600 disponit.
977 2516 1029 2579 Sic
1043 2516 1087 2579 sic
1102 2515 1135 2580 in
1150 2516 1294 2583 humano
1307 2541 1371 2583 cor-

414 2640 491 2703 pore
509 2616 569 2681 sibi
590 2616 724 2680 invicem
743 2616 885 2680 membra
906 2617 1102 2696 deserviunt,
1118 2632 1151 2683 et
1173 2620 1369 2707 singulorum

314 2710 320 2717 ’
413 2718 519 2783 officia
543 2718 681 2804 publicis
712 2718 824 2784 usibus
848 2717 1065 2804 deputantur:
1096 2720 1216 2787 absunt
1242 2721 1370 2808 quidem

415 2823 483 2886 baec
494 2821 606 2908 magis,
617 2820 673 2885 illa
680 2819 797 2896 minus,
809 2843 868 2907 pro
880 2820 962 2884 mole
977 2822 1129 2908 corporis,
1141 2824 1199 2888 sed
1213 2824 1246 2888 in
1258 2826 1370 2891 effectu

415 2923 527 2989 salutis
548 2924 618 3010 ejus
640 2925 746 2987 omnia
767 2922 936 2992 uniuntur.
951 2926 1056 2987 varios
1077 2924 1198 2991 babent
1220 2926 1369 2991 affectus:

415 3025 469 3090 sed
498 3027 523 3089 si
551 3047 645 3089 usum
670 3024 784 3089 salutis
808 3046 931 3109 penses,
954 3026 987 3088 in
1015 3025 1098 3089 idem
1127 3027 1279 3092 universa
1298 3052 1371 3094 con·

413 3141 556 3192 currunt.
604 3126 675 3190 Non
692 3138 797 3191 tamen
813 3127 920 3191 omnia
941 3141 1161 3213 coaequantur,
1175 3129 1234 3194 sed
1249 3134 1370 3218 superi·

414 3227 524 3291 oribus
538 3227 690 3291 inferiora
704 3228 900 3294 deserviunt.
930 3228 992 3293 Pes
1006 3230 1089 3295 enim
1104 3232 1163 3317 qui
1179 3246 1325 3298 versatur
1339 3233 1370 3295 in

411 3348 502 3390 coeno
520 3349 722 3414 nequaquam
738 3330 856 3414 aspirat
879 3329 919 3393 ad
935 3330 1049 3417 capitis
1071 3333 1284 3418 dignitatem:
1314 3333 1368 3399 sed

411 3441 443 3493 et
466 3441 564 3513 caput
590 3428 678 3514 quod
708 3430 739 3492 in
767 3429 883 3495 coelum
914 3432 1061 3516 erigitur,
1088 3455 1151 3497 uon
1180 3447 1369 3521 aspernatur

411 3528 523 3613 pedem
539 3530 597 3614 qui
615 3544 757 3596 versatur
777 3532 809 3595 in
825 3553 925 3597 coeno.
972 3533 1023 3597 Sic
1043 3547 1076 3597 et
1091 3557 1160 3612 nos,
1175 3536 1204 3599 si
1226 3557 1291 3600 uon
1306 3536 1369 3600 dis·

411 3628 520 3714 plicet,
542 3630 632 3695 vobis
651 3642 829 3711 coiitamur,
843 3643 876 3695 et
895 3633 1019 3699 vestris.
1058 3634 1129 3720 Ego
1150 3650 1263 3701 autem
1281 3636 1368 3724 quod

410 3730 611 3818 inpromptu
633 3732 735 3797 habeo
750 3732 921 3815 proferam,
937 3733 963 3797 si
986 3748 1090 3800 tamen
1115 3759 1219 3822 nugas
1239 3738 1368 3803 serietas

409 3846 513 3897 restra
527 3832 680 3917 dignatur
691 3832 871 3896 admittere.
896 3835 961 3897 Vos
977 3834 1089 3920 itaque
1103 3836 1185 3900 seria
1201 3838 1364 3923 rependite

411 3931 516 4015 nugis,
529 3933 679 4017 quoniam
702 3946 734 3996 et
749 3954 810 4016 ego
832 3934 864 3995 in
881 3933 1000 4017 Apulia
1020 3948 1175 4021 expertus
1191 3959 1276 4012 sum,
1291 3937 1367 4023 quia

410 4030 450 4093 ad
467 4045 601 4117 stuppas
615 4056 729 4098 aurum
745 4032 944 4097 distrahitur.

455 4129 551 4195 Edidi
567 4132 684 4199 librum
700 4132 740 4196 de
757 4132 934 4199 Curialium
950 4135 1045 4221 nugis
1060 4147 1091 4199 et
1109 4137 1251 4223 vestigiis
1265 4138 1367 4225 philo-

410 4233 594 4317 sophorum,
609 4233 666 4319 qui
690 4232 768 4298 mihi
784 4256 803 4295 a
825 4247 930 4299 vestro
946 4234 1084 4321 placebit
1104 4251 1162 4302 aut
1185 4237 1366 4325 displicebit

408 4333 554 4398 arbitrio:
579 4332 720 4397 incultus
735 4346 794 4410 est,
811 4348 841 4399 et
858 4356 899 4398 ex
915 4336 1020 4401 edicto
1031 4359 1101 4402 meo
1116 4360 1136 4401 a
1150 4338 1244 4403 vobis
1258 4339 1367 4406 amicis
