3034 5500
382 761 445 820 814
639 770 777 816 roaurus
792 768 1076 827 sanmnaamssrs
1255 751 1296 830 [r.
1311 772 1340 816 n.

382 925 513 1010 spiritus
537 923 702 1006 sapientise
725 933 785 1000 est,
807 922 864 1006 qui
887 923 1042 1007 loquitur,
1072 921 1166 989 Οιιία
1187 942 1337 1006 perque

378 1029 525 1109 peccavit
546 1027 630 1109 quas,
648 1045 708 1105 per
723 1027 791 1087 lec
805 1033 837 1088 et
857 1026 1030 1105 punietur.
1078 1023 1261 1088 Homicida
1279 1025 1336 1107 pri·

382 1149 453 1191 mus
476 1126 559 1190 Cain
579 1124 706 1189 occisus
729 1134 790 1187 est.
835 1124 961 1188 Pharao
983 1123 1063 1186 dum
1086 1125 1336 1187 submersionem

380 1228 580 1302 moliebatur,
609 1226 795 1290 submersus
823 1238 879 1290 est.
939 1225 1174 1289 Adonibcseoh
1207 1247 1334 1308 qaoque

380 1325 610 1392 vicissitudinis
624 1326 721 1409 hujus
744 1338 898 1410 expertus
912 1337 962 1390 est
975 1327 1092 1408 legem.
1141 1325 1246 1389 Cham
1261 1326 1334 1388 dum

380 1430 562 1494 servitutem
577 1428 648 1492 aliis
663 1429 835 1491 affectabat
849 1427 1004 1502 indicere,
1014 1440 1174 1510 perpetua
1188 1426 1333 1488 servimte

380 1530 559 1594 damnatur.
619 1529 673 1591 Sic
704 1540 735 1593 et
764 1529 867 1593 Judas
900 1527 1042 1604 traditor,
1071 1527 1130 1610 qai
1161 1527 1332 1590 Dominum

382 1627 564 1710 procurarit
593 1625 865 1709 suspendendum,
891 1625 1009 1707 laqueo
1041 1624 1211 1706 suspendii
1240 1625 1332 1686 sitam

382 1729 493 1793 finisse
517 1728 723 1808 dignoscitur.
768 1728 813 1789 Et
835 1727 868 1789 in
891 1725 980 1789 omni
1002 1737 1099 1806 gente
1125 1739 1160 1789 et
1183 1725 1334 1800 astate,si

381 1832 453 1915 quis
478 1830 596 1893 divinae
621 1828 869 1910 dispensationis
898 1826 1133 1890 animadvertat
1162 1827 1333 1899 historiam,

381 1932 479 2014 plane
494 1940 669 2011 cognoscet
680 1950 806 2012 semper
820 1949 890 1992 esse
905 1928 1162 1991 conformitatem
1174 1926 1334 2011 quandam

381 2032 487 2114 culpae
513 2041 546 2094 et
569 2052 686 2112 poenae.
736 2029 834 2102 Quod
858 2030 975 2112 loquor
1000 2029 1187 2112 experimur
1212 2042 1245 2091 et
1268 2050 1333 2104 nos,

380 2133 586 2214 agnoscimus
601 2132 726 2212 justum
748 2133 911 2213 flagellum
933 2132 1102 2214 culparum
1124 2133 1260 2209 conscii,
1280 2153 1332 2194 ex·

379 2244 556 2316 pectantes,
572 2232 630 2294 sed
650 2253 716 2294 non
735 2231 968 2310 desiderantes,
983 2244 1017 2296 ot
1032 2234 1067 2295 in
1083 2235 1235 2316 proximo
1251 2234 1334 2314 virga

380 2333 579 2414 corripientis
608 2343 829 2416 retorqueatur
851 2336 884 2397 in
914 2346 1047 2399 tortores
1076 2346 1109 2398 et
1138 2336 1334 2400 adversarios

379 2443 515 2497 nostros.
570 2434 747 2497 Mallemus
777 2435 864 2497 enim
899 2435 987 2518 quod
1023 2436 1199 2500 adversarii
1237 2436 1334 2500 nostri

378 2535 605 2617 resipiscerent
627 2544 660 2598 et
679 2533 820 2599 redirent
838 2550 875 2599 ut
898 2536 967 2614 filii,
989 2558 1085 2621 qnam
1107 2551 1155 2614 ut,
1178 2539 1267 2623 quod
1290 2539 1334 2602 cis

380 2637 535 2715 imminet,
557 2647 765 2720 torqueantur
786 2648 822 2700 ut
846 2638 936 2700 servi.
982 2639 1068 2701 Nam
1091 2639 1205 2701 talium
1235 2661 1334 2720 genua

380 2738 510 2803 nonnisi
532 2738 699 2822 suppliciis
725 2737 921 2803 emendatur.
965 2739 1085 2804 Scribit
1108 2740 1281 2819 Ezechiel,
1303 2753 1334 2805 et

381 2864 489 2907 rerum
515 2852 574 2918 est,
597 2842 674 2924 quia
698 2842 802 2924 qualis
824 2843 996 2915 consultor,
1022 2844 1095 2906 talis
1120 2855 1153 2907 et
1178 2844 1334 2927 propheta

379 2944 451 3027 ejus
466 2952 525 3019 eat,
539 2949 572 3005 et
586 2962 606 3004 a
619 2941 701 3004 facie
721 2940 856 3003 Domini
870 2941 1000 3024 spiritus
1015 2942 1158 3005 mendax
1172 2943 1334 3024 egreditur

379 3044 499 3121 adhuc,
513 3059 550 3106 ut
570 3042 658 3105 sitin
674 3064 728 3105 ore
744 3043 889 3105 omnium
903 3043 1144 3125 prophetarum,
1160 3044 1289 3119 Achab,
1303 3055 1334 3108 et

378 3146 529 3209 similium
545 3165 667 3226 regum.
711 3143 767 3206 Sic
783 3154 817 3206 et
836 3165 895 3206 rex
908 3144 1083 3225 Anglomm
1097 3154 1133 3207 ut
1149 3143 1266 3208 dicunt
1279 3145 1332 3229 qni

374 3245 601 3329 appellatorias
621 3241 869 3325 archisynagogi
884 3241 1061 3320 audierant,
1075 3245 1251 3326 episcopos
1270 3245 1330 3308 sibi

375 3347 556 3410 conformes
570 3344 679 3421 habet,
693 3343 762 3426 qui,
775 3355 812 3406 ut
833 3344 874 3406 de
893 3344 965 3407 aliis
985 3343 1143 3426 scriptum
1158 3358 1218 3423 est,
1233 3344 1330 3409 docu-

373 3457 468 3509 erunt
487 3446 629 3524 linguam
652 3464 742 3507 suam
762 3445 852 3527 loqui
873 3443 1087 3517 mendacium,
1109 3455 1142 3508 et
1165 3456 1202 3509 ut
1220 3445 1329 3530 inique

373 3554 514 3627 agerent,
527 3544 762 3621 laboraverunt,
784 3545 937 3608 sollicitat
954 3545 1037 3608 alios
1056 3555 1093 3610 ut
1111 3549 1329 3625 subterlatet

373 3670 446 3713 eum
470 3646 525 3710 alii
549 3644 754 3708 sollicitando
779 3646 974 3710 subvertunt
1018 3647 1124 3718 Quam
1149 3650 1329 3730 gloriosam,

373 3771 471 3833 quam
493 3746 693 3824 catholicam,
715 3768 812 3829 quam
836 3747 923 3828 piam
946 3747 1118 3830 epistolam
1141 3749 1330 3814 Coloniensi

372 3851 578 3914 schismatico
604 3868 708 3929 nuper
732 3847 865 3923 miserit,
887 3868 930 3911 ex
955 3849 1111 3931 rescripto
1136 3849 1220 3935 ejus,
1243 3850 1328 3936 quod

373 3950 464 4010 robis
481 3950 628 4027 mittitur,
642 3950 778 4031 potestis
800 3948 973 4032 conjicere,
987 3959 1022 4011 ut
1043 3959 1156 4032 pateat
1179 3953 1328 4015 omnibus

369 4069 466 4132 quam
492 4069 600 4111 rerum
629 4050 681 4127 ait,
704 4049 791 4133 quod
814 4048 855 4113 de
882 4050 1002 4133 pietate
1028 4062 1062 4113 et
1085 4050 1218 4135 justitia
1246 4054 1328 4135 regis

369 4149 464 4213 vestri
479 4160 569 4212 tanta
583 4151 783 4215 confidentia
797 4151 999 4233 predicatur.

411 4251 465 4316 Ad
478 4250 585 4334 ipsum
608 4273 737 4335 quoque
760 4274 863 4336 nuper
878 4266 1034 4317 venerunt
1055 4269 1192 4339 exparte
1207 4257 1326 4322 domini

367 4351 408 4415 de
431 4351 682 4416 Monteferrandi
701 4355 775 4416 rani
798 4354 954 4432 illusores,
976 4356 1079 4420 abbas
1103 4357 1234 4423 scilicet
1255 4358 1328 4424 Clu-
