3034 5500
280 746 480 826 llos-oo]
668 767 846 812 arrsronn.
1162 758 1237 817 205

279 918 471 982 cismarinis.
518 918 627 979 Retuli
650 918 711 980 hoc
736 920 776 981 ad
800 920 966 982 dominum
989 942 1119 1003 papam,
1135 933 1167 984 et
1189 944 1238 986 re·

277 1020 412 1103 spondit
427 1041 534 1101 regem
549 1033 580 1081 et
595 1020 715 1082 curiam
738 1022 995 1105 interpretaturos
1009 1022 1107 1084 fuisse
1123 1035 1234 1087 contra

277 1122 346 1202 ejus
362 1121 529 1194 honorem,
545 1121 571 1182 si
587 1120 666 1203 quid
681 1142 699 1182 a
716 1143 767 1184 me
784 1123 902 1184 sactum
922 1133 1110 1202 agnosceret
1125 1137 1236 1187 contra

276 1223 377 1307 ipsius
394 1223 602 1298 voluntatem,
618 1235 650 1284 et
672 1221 823 1285 dissuasit
842 1245 882 1286 ne
905 1225 965 1285 sub
988 1244 1027 1285 ca
1049 1223 1235 1288 conditione

277 1322 426 1399 redirem,
449 1324 507 1387 sed
533 1337 745 1407 expectarem,
771 1336 806 1387 ut
831 1326 878 1388 ira
904 1325 973 1407 ejus
1000 1325 1234 1407 aliquantulum

278 1423 461 1488 deferveret.
509 1425 637 1488 Deinde
665 1426 917 1488 sollicitaverunt
947 1447 996 1487 me
1027 1425 1170 1508 quidam,
1200 1441 1236 1488 ut

277 1538 462 1608 praestarem
478 1527 691 1600 securitatem,
708 1525 796 1607 quod
811 1526 843 1587 in
861 1526 948 1587 nullo
972 1525 1127 1608 deinceps
1144 1525 1236 1609 juva·

277 1648 344 1690 rem
360 1628 655 1711 archiepiscopum,
670 1637 706 1689 ut
721 1627 768 1689 sic
783 1625 918 1689 redirem
933 1627 968 1687 in
991 1626 1124 1705 gratiam
1141 1627 1234 1706 regis.

277 1728 351 1808 Ego
366 1740 485 1802 autem,
500 1729 575 1791 licet
588 1749 653 1790 non
671 1739 780 1790 tenear
802 1726 1047 1809 archiepiscopo
1070 1724 1112 1787 ad
1133 1726 1237 1789 fideli·

278 1838 375 1893 tatem
389 1851 430 1892 ex
445 1830 588 1892 hominio
601 1830 649 1891 vel
659 1829 853 1912 juramento,
866 1848 926 1890 nec
943 1826 1019 1889 fidei
1031 1826 1237 1908 obligatione,

280 1942 392 2016 utpote
422 1934 478 2015 qui
506 1932 587 1993 nihil
617 1931 647 1994 ei
678 1929 793 2006 debeo,
818 1930 880 1990 nisi
910 1928 1137 2005 obedientiam,
1164 1952 1235 2014 quae

280 2035 369 2097 omni
384 2035 538 2117 episcopo
554 2033 687 2096 debetur
702 2054 720 2094 a
736 2031 892 2114 subjectis
910 2030 997 2093 suis:
1032 2031 1108 2114 quia
1129 2043 1236 2095 tamen

279 2137 484 2199 inhonestum
496 2135 617 2197 credidi
630 2155 701 2195 esse
713 2132 879 2195 dominum
891 2134 1059 2212 abnegare,
1073 2142 1105 2195 et
1120 2154 1235 2196 renun-

231 2250 233 2254 ‘
280 2238 359 2301 tiare
382 2236 585 2314 obedientiae,
608 2235 694 2319 quod
717 2236 823 2297 nullus
846 2235 949 2298 adhuc
974 2235 1014 2298 de
1041 2245 1109 2298 toto
1135 2258 1235 2316 regno

279 2340 365 2417 fecit,
377 2337 594 2402 conditionem
611 2339 694 2400 hanc
708 2337 927 2419 recipiendam
940 2358 1010 2400 esse
1025 2358 1090 2399 non
1103 2337 1234 2402 credidi.

281 2438 374 2502 Alias
390 2449 494 2501 autem
519 2437 672 2520 quicquid
691 2438 780 2499 salva
795 2438 993 2500 conscientia
1008 2449 1038 2500 et
1054 2440 1137 2500 sama
1158 2460 1232 2521 pos·

282 2561 361 2613 sem,
382 2539 517 2600 libenter
539 2536 685 2598 facerem.
731 2536 837 2607 Quum
861 2537 931 2598 haec
955 2536 1086 2600 domino
1113 2539 1233 2602 Rotho·

281 2640 435 2722 magensi,
452 2639 491 2700 de
517 2660 581 2721 quo
605 2638 739 2699 multum
765 2636 905 2712 confido,
930 2657 1136 2717 exponerem,
1154 2640 1233 2701 mihi

281 2753 465 2805 constanter
480 2740 633 2803 auxilium
650 2738 837 2821 repromisit.
877 2737 1008 2801 Placeat
1022 2739 1130 2823 itaque
1143 2740 1233 2803 vobis

280 2845 359 2907 mihi
374 2865 470 2926 super
484 2843 554 2905 baec
575 2844 747 2905 rescribere
764 2840 930 2903 consilium
946 2850 1094 2916 vestrum,
1110 2841 1234 2904 sciatis-

282 2967 343 3029 que
358 2966 416 3027 pro
432 2956 529 3016 certo,
547 2944 621 3027 quia
642 2943 720 3005 nrihi
744 2941 943 3024 propositum
959 2953 1018 3016 est,
1034 2951 1068 3002 ut
1085 2963 1148 3003 non
1172 2942 1231 3004 sim

281 3048 452 3111 decaetero
468 3046 611 3108 curialis:
638 3059 670 3106 et
684 3044 746 3104 hoc
763 3043 867 3125 ipsum
885 3044 968 3103 bene
980 3041 1069 3104 novit
1084 3041 1233 3107 dominus

285 3148 535 3224 Cantuariensis,
550 3167 569 3209 a
583 3146 675 3228 cujus
690 3165 741 3206 mc
758 3143 902 3206 subtraxi
917 3143 1087 3221 consortio,
1102 3142 1159 3206 sed
1174 3166 1233 3207 nec

284 3250 379 3313 fidem
398 3249 560 3324 subtraho,
576 3269 636 3309 ncc
653 3247 826 3309 caritatem.

330 3505 550 3567 EPISTOLA
575 3505 819 3568 exult-n>
835 3521 1015 3566 Huramcurt
1030 3522 1185 3567 commun

488 3623 677 3667 cannarum.
729 3605 1021 3684 [sollte-66]

618 3737 902 3800 ComitiHerrrico.

328 3858 427 3929 Quor)
443 3855 639 3937 proscriptus
654 3866 686 3915 et
706 3855 793 3928 exul,
810 3866 929 3917 tantam
953 3856 1098 3939 alloquor
1121 3858 1234 3941 majes-

285 3964 394 4030 tatem,
407 3967 439 4018 et
454 3956 594 4038 publicis
605 3954 845 4016 incumbentem
861 3956 1062 4029 utilitatibus,
1075 3956 1115 4018 ad
1132 3958 1236 4039 philo·

285 4057 492 4141 sophantium
522 4056 685 4131 exercitia,
714 4056 837 4117 inculto
876 4057 1048 4137 praesertim
1079 4059 1174 4141 stylo,
1204 4072 1236 4122 et

284 4159 440 4240 exsangui
457 4178 572 4239 genere
589 4157 749 4231 dictionis,
763 4159 810 4219 rel
824 4157 865 4219 ad
881 4172 1077 4221 momentum
1089 4180 1236 4224 revocare

285 4281 380 4324 ausus
395 4282 476 4337 sum,
493 4259 659 4321 temeritati
677 4271 785 4342 posset
800 4260 948 4332 adscribi,
964 4261 1027 4322 nisi
1050 4262 1234 4342 parvitatem

286 4382 389 4424 meam
416 4361 682 4442 supereminentis
704 4362 855 4423 bonitatis
871 4372 981 4424 restra·
1004 4361 1138 4439 erigeret
1159 4380 1236 4423 con·
