3034 5500
413 747 453 804 76
670 756 807 802 mantus
822 752 1098 799 sanasamuarvsrs
1271 733 1314 812 [s.
1330 751 1356 794 n.

411 911 492 974 enim
510 909 643 973 thronus
658 908 690 970 in
706 929 779 970 eum
792 906 901 988 vigore
916 902 1017 967 solido
1028 903 1207 977 roboratur,
1220 903 1277 988 qui
1294 915 1357 965 tan-

412 1026 515 1076 tarum
531 1012 684 1074 virtutum
701 1009 816 1073 nititur
831 1006 1054 1071 fundamentis.
1095 1009 1177 1070 Haec
1187 1005 1220 1068 in
1231 1005 1355 1068 auribus

411 1113 831 1196 vestriscrehrovepetimuS,
842 1133 879 1172 eo
891 1108 978 1192 quod
989 1120 1111 1171 constat
1123 1109 1226 1194 ipsam
1238 1121 1355 1192 gratam

408 1240 477 1280 esse
491 1214 616 1279 auditui
637 1226 760 1277 vestro:
784 1224 815 1275 et
832 1212 914 1275 sicut
931 1211 961 1274 in
984 1232 1078 1294 opere
1100 1210 1247 1281 clariora,
1263 1210 1354 1272 itaer

409 1340 471 1383 usu
493 1316 652 1403 frequenti
676 1313 833 1400 majestati
858 1326 970 1377 veetrae
985 1313 1126 1396 gratiora
1141 1324 1227 1375 suut.
1275 1312 1356 1373 Dum

409 1422 442 1484 in
473 1420 522 1482 his
551 1430 655 1481 vestra
684 1430 829 1480 versatur
856 1413 1004 1493 intentio,
1032 1412 1309 1498 prosperabuntur
1327 1412 1356 1474 in

413 1521 563 1596 Domino,
586 1533 617 1583 et
640 1519 670 1581 in
703 1518 801 1582 totius
829 1517 941 1580 mundi
964 1516 1064 1600 gloria
1093 1535 1224 1597 gressus
1254 1512 1357 1577 vestri.

412 1625 494 1687 Nam
517 1635 548 1686 et
572 1622 631 1685 hoc
655 1622 852 1698 Sanctorum,
874 1641 1010 1705 quorum
1041 1618 1143 1703 quieti
1166 1617 1356 1703 prospicitis,

409 1725 561 1810 suffragia
590 1724 817 1809 impetrabunt.
883 1719 1045 1784 Incumbit
1075 1719 1276 1784 orationibus
1304 1741 1357 1804 pro

410 1826 499 1891 vobis
514 1825 554 1889 ad
571 1827 746 1890 Dominum
767 1824 991 1887 monasterium
1009 1837 1126 1886 sanctae
1142 1822 1260 1887 Mario
1276 1823 1358 1885 Eho

410 1928 554 1999 recensis,
572 1927 657 2014 quod
674 1939 764 1990 tanto
786 1925 874 1989 vobis
889 1924 1069 1989 fiducialius
1089 1924 1356 1999 commendamus,

411 2043 533 2116 quanto
547 2053 586 2092 ex
602 2030 743 2092 omnium
767 2028 1006 2115 provincialium
1022 2028 1205 2092 testimonio
1224 2026 1314 2106 illud,
1326 2041 1355 2091 et

410 2154 493 2196 verae
504 2131 663 2216 religionis
672 2131 775 2204 cultu,
792 2145 822 2194 et
834 2131 887 2216 pia
901 2130 1069 2195 devotione
1084 2131 1188 2194 invoa
1202 2144 1234 2194 et
1245 2130 1356 2195 liberos

411 2249 530 2300 vestros
546 2233 817 2297 commendatione
832 2232 960 2316 dignius
975 2257 1040 2296 esse
1056 2232 1257 2298 confidimus.
1280 2236 1357 2297 tnr-

409 2337 498 2400 bavit
519 2358 627 2421 pacem
649 2336 718 2420 ejus
741 2335 875 2413 diutius,
891 2335 972 2398 sicut
987 2358 1046 2421 pro
1066 2348 1152 2398 certo
1168 2335 1356 2421 accepimus,

350 2466 355 2471 ·
410 2438 508 2502 frater
537 2437 679 2524 quidam,
709 2438 764 2522 qui
796 2438 923 2501 tandem
953 2452 1086 2522 urgente
1116 2460 1148 2500 se
1180 2438 1302 2502 malitia
1329 2453 1359 2503 et

408 2538 537 2603 levitate
560 2562 696 2615 morum,
719 2540 806 2604 velut
828 2540 917 2625 palea
939 2540 1062 2604 inutilis
1076 2541 1117 2603 ab
1139 2563 1213 2603 area
1230 2541 1357 2604 Domini

406 2641 553 2706 avolavit.
602 2640 725 2706 Deinde
755 2657 891 2706 vestram
922 2642 1002 2706 adiit
1027 2642 1223 2727 majestatem
1257 2656 1293 2707 ut
1319 2665 1356 2705 ex

406 2768 444 2809 eo
459 2770 491 2809 se
506 2744 655 2810 odibilem
674 2746 812 2810 Domino
827 2746 1036 2821 convinceret,
1056 2745 1144 2831 quod
1167 2750 1355 2811 monasterio

404 2847 572 2914 detrahere
587 2871 648 2911 non
664 2848 806 2929 erubuit,
817 2863 848 2913 et
857 2861 968 2913 contra
980 2846 1120 2932 regulam
1142 2845 1178 2912 B.
1193 2848 1356 2914 Benedicti

408 2951 609 3035 privilegium
632 2950 839 3037 delinquendi
860 2965 992 3014 conatus
1017 2963 1065 3014 est
1088 2950 1277 3036 impetrare:
1300 2975 1357 3038 pro

404 3055 580 3117 reverentia
591 3066 695 3116 vestra
706 3058 876 3118 voluerunt
887 3077 959 3118 eum
972 3056 1108 3136 recipere
1121 3054 1237 3119 fratres
1247 3077 1355 3118 secun·

404 3152 483 3217 dum
498 3167 619 3218 statuta
630 3154 749 3218 ordinis
762 3156 821 3217 sui.
847 3159 893 3219 At
904 3156 1037 3242 ipsenon
1049 3155 1215 3241 adquievit
1226 3158 1354 3236 intrare,

406 3254 466 3317 nisi
479 3255 622 3338 ingressu
633 3258 702 3341 ejus
713 3257 793 3320 ordo
806 3259 996 3323 monasticus
1008 3257 1194 3323 solveretur.
1233 3263 1355 3326 vestra

405 3355 513 3442 itaque
536 3357 731 3422 excellentiae
755 3364 970 3445 supplicamus
986 3375 1020 3424 ut
1036 3360 1176 3447 ejusdem
1193 3362 1356 3445 religiosos

409 3458 468 3521 loci
491 3459 605 3523 fratres
627 3460 764 3545 benigne
779 3463 928 3539 audiatis,
951 3477 982 3527 et
998 3463 1044 3526 illi
1059 3465 1182 3546 negetis
1198 3465 1357 3543 auditum,

403 3564 461 3647 qui
477 3561 591 3624 fratres
608 3584 665 3646 pro
681 3564 772 3627 vobis
789 3566 908 3651 jugiter
922 3579 1047 3629 orantes
1062 3565 1177 3630 nititur
1191 3566 1356 3653 impedire.

405 3662 460 3727 Ad
475 3664 542 3728 haec
558 3685 682 3729 causam
698 3666 884 3732 universalis
899 3668 1040 3732 ecclesiae
1055 3680 1128 3732 ante
1144 3667 1241 3753 pedes
1264 3670 1354 3732 mise·

402 3765 547 3829 ricordiae
569 3781 681 3831 vestrm
702 3768 863 3856 provoluti
893 3769 982 3833 vobis
1012 3771 1167 3835 attentius
1196 3794 1355 3834 commen·

402 3867 531 3934 damus:
548 3883 696 3955 rogantes
712 3871 886 3936 Dominum
897 3895 956 3959 pro
967 3873 1068 3946 nobis,
1085 3884 1116 3935 et
1131 3895 1187 3935 vos
1196 3895 1257 3958 pro
1267 3873 1354 3936 vobis

402 3985 432 4034 et
457 3972 586 4036 ecclesia
610 3988 724 4049 vestra,
748 3997 787 4037 ne
809 3973 849 4036 ad
873 3995 979 4059 preces
1002 3974 1200 4060 imperatoris
1230 3972 1352 4060 aliquid

401 4085 562 4137 statuatur
591 4098 610 4138 a
640 4076 739 4152 vohis,
772 4074 856 4139 unde
886 4077 976 4140 furor
1006 4075 1183 4141 schismatis
1213 4075 1349 4162 amplius

403 4172 583 4240 invalescat.
