3034 5500
416 757 476 813 loo
682 767 819 812 roassrs
835 765 1118 810 sanasnmnausrs
1281 750 1324 830 [a.
1340 768 1367 814 a.

417 918 625 983 contumaciae
640 939 718 990 sure,
734 928 765 978 et
787 914 1010 979 inobedientiae
1025 916 1134 1002 culpa,
1151 938 1251 1001 quam
1267 916 1369 980 beatm

420 1019 617 1084 Benedictus
628 1017 659 1080 in
670 1017 869 1080 monasteriis
880 1017 972 1079 docet
988 1020 1114 1081 caeteris
1129 1017 1370 1102 acriuspunien·

418 1120 513 1193 dam3
538 1132 568 1184 et
592 1140 688 1203 quam
710 1130 778 1180 tota
801 1117 882 1179 fides
906 1116 1084 1193 Catholica,
1108 1132 1142 1181 et
1165 1119 1271 1181 omnis
1285 1117 1370 1181 eccle·

418 1225 545 1286 siastica
559 1219 738 1302 disciplina,
754 1218 847 1304 quasi
863 1218 965 1281 scelus
980 1218 1175 1283 idololatriae
1192 1219 1370 1284 detestatur.

424 1319 571 1383 Tandem
588 1318 729 1382 conversi
745 1318 785 1380 ad
802 1340 856 1380 cor
871 1318 912 1380 ab
928 1319 1044 1382 abbate
1065 1341 1136 1394 suo,
1153 1342 1252 1404 quem
1273 1319 1370 1383 multis

420 1421 547 1508 injuriis
562 1433 594 1484 et
610 1420 831 1484 vexationibus
845 1421 987 1504 graviter
1003 1420 1162 1496 laeserant,
1179 1422 1295 1486 saniori
1309 1445 1371 1486 con·

421 1522 490 1586 silio
508 1524 570 1602 usi,
585 1522 736 1606 prostrati
752 1522 791 1585 ad
809 1524 906 1608 pedes
921 1523 1001 1607 ejus,
1015 1525 1141 1586 veniam
1159 1525 1333 1609 petierunt,
1344 1539 1370 1589 et

422 1626 668 1690 satisfactionem
681 1625 914 1709 promittentes,
926 1626 1078 1688 restituto
1093 1625 1277 1711 privilegio,
1294 1626 1370 1712 quod

421 1751 441 1792 a
455 1729 620 1812 majestate
631 1727 748 1789 viciosa
760 1725 965 1809 suggestione
976 1725 1198 1801 obtinuerant,
1212 1728 1371 1791 interveni·

420 1829 548 1892 entibus
571 1827 672 1902 nobis,
695 1837 727 1889 et
750 1824 984 1888 venerabilibus
1006 1825 1082 1888 viris
1097 1827 1153 1910 qui
1178 1827 1322 1906 aderaut,
1336 1829 1370 1892 G.

421 1927 564 1990 Roffensi
588 1929 748 2013 episcopo,
773 1927 925 1990 Silvestro
947 1925 1063 1989 abbate
1088 1927 1120 1992 S.
1138 1929 1326 2010 Augustini,
1345 1930 1371 1992 iu

421 2028 520 2113 ipsius
531 2031 666 2112 gratiam
681 2031 799 2112 recepti
812 2044 897 2105 sunt,
912 2041 942 2092 et
954 2028 998 2091 sic
1013 2028 1186 2092 concordia
1201 2031 1372 2095 reformata.

425 2133 470 2194 Et
501 2130 578 2212 quia
602 2130 749 2194 cellulam
774 2130 962 2194 Malverniae
983 2130 1124 2195 ecclesiae
1151 2132 1372 2196 Westmouast.

421 2230 515 2315 pleno
525 2230 600 2312 jure
611 2230 652 2292 ab
663 2229 753 2292 initio
762 2243 887 2294 constat
902 2253 969 2294 esse
980 2230 1171 2314 subjectam,
1185 2232 1372 2299 excellentia

422 2343 535 2393 vestrae
568 2352 675 2415 preces
704 2330 911 2414 porrigimus,
934 2344 1081 2414 rogantes
1103 2353 1144 2394 ne
1174 2346 1287 2397 contra
1308 2356 1373 2397 oon·

421 2429 622 2492 suetudinem
649 2428 792 2492 omnium
819 2429 1093 2505 monasteriorum,
1122 2454 1192 2495 eam
1217 2433 1372 2519 patiamini

417 2533 491 2617 jure
506 2553 563 2595 suo
583 2530 714 2617 privari,
730 2544 762 2594 et
776 2532 883 2617 justas
905 2533 1074 2618 petitiones
1096 2533 1237 2613 abbatis,
1257 2535 1373 2620 dequo

423 2632 552 2697 meliora
567 2653 741 2717 speramus,
756 2632 1001 2697 misericorditer
1015 2633 1164 2699 audiatis.

422 2807 646 2871 EPISTOLA
673 2802 819 2867 cL-in
842 2824 1026 2869 namucum
1048 2826 1197 2873 aerscoe.
1219 2830 1372 2875 wiuroru-

716 2925 841 2968 assnu.
861 2907 940 2986 [an
960 2909 1070 2989 risa]

608 3023 791 3100 Theobuldi,
807 3022 963 3104 Episcopo
982 3025 1209 3092 Wmtonienai.

468 3143 580 3204 Suras
602 3138 820 3202 incolumitate
842 3152 958 3218 vestra,
979 3162 1076 3224 quam
1094 3164 1114 3204 a
1130 3143 1253 3207 nuntiis
1269 3144 1372 3208 vestris

422 3240 610 3322 accepimus,
633 3238 780 3301 laetamur
803 3236 988 3323 plurimum,
1004 3240 1058 3304 sed
1082 3241 1124 3305 de
1139 3266 1178 3306 ea
1199 3246 1316 3309 mentis
1330 3245 1373 3307 io·

422 3340 665 3423 tegritate‚quae
678 3361 784 3402 rerum
798 3338 913 3401 damna
924 3363 984 3403 non
995 3342 1103 3417 sentit,
1116 3345 1372 3429 congratulamur

422 3436 584 3501 Altissimo
595 3438 751 3500 bonorum
769 3439 911 3501 omnium
925 3439 1078 3525 largitori.
1112 3444 1232 3508 Gravis
1247 3446 1373 3533 quidem

421 3538 527 3603 fuerat
556 3539 596 3602 de
622 3562 726 3602 rerum
751 3540 881 3625 jactura
904 3542 1047 3619 tentatio,
1071 3544 1095 3607 si
1120 3567 1185 3610 non
1207 3551 1241 3612 in
1264 3548 1373 3612 sortem

422 3639 563 3705 animum
579 3639 756 3715 incidisset3
782 3663 891 3704 verum
909 3640 1066 3706 fortitudo
1080 3643 1199 3710 clarius
1214 3645 1375 3727 elucescet,

422 3754 446 3817 si
468 3742 683 3808 tribulationis
705 3745 779 3828 igne
801 3743 936 3828 probata
959 3742 1086 3808 redierit
1107 3746 1149 3809 ad
1172 3749 1269 3827 ovile,
1292 3748 1373 3837 quod

421 3878 462 3919 ex
478 3844 614 3937 pastoris
629 3843 770 3908 absentia
785 3842 1002 3909 insidiantium
1021 3848 1178 3914 morsibus
1194 3865 1295 3935 patet.
1310 3854 1373 3917 Nec

421 3970 483 4034 est,
498 3948 613 4014 dilecte
636 3946 745 4023 frater,
768 3946 856 4032 quod
880 3968 936 4011 vos
957 3947 1072 4013 amodo
1094 3951 1198 4014 vereri
1219 3966 1373 4039 oporteat,

421 4077 522 4146 quum
538 4051 605 4138 ipse
616 4071 673 4112 rex
685 4047 860 4112 adventum
874 4063 1014 4114 vestrum
1028 4050 1201 4132 desideret,
1212 4069 1246 4120 et
1258 4077 1373 4143 pacem,

421 4174 452 4224 et
468 4154 668 4221 securitatem
692 4151 905 4216 omnimodam
930 4154 1144 4238 repromittat,
1167 4170 1258 4221 etue
1279 4157 1318 4221 de
1338 4178 1371 4220 ea

421 4257 547 4347 possitis
568 4253 677 4339 aliqua
699 4253 821 4317 ratione
844 4253 1003 4330 dubitare,
1020 4276 1089 4318 eam
1106 4259 1137 4320 in
1155 4278 1255 4323 manu
1272 4272 1372 4324 nostra

420 4360 573 4447 cepimus,
601 4355 753 4422 ducatum
786 4355 874 4421 vobis
903 4354 1027 4433 dantes,
1057 4380 1077 4420 a
1097 4359 1179 4423 mari
1210 4359 1370 4456 usquead
