3034 5500
275 797 481 879 tlte-66]
665 815 846 860 artsrotn.
1178 803 1238 862 ert

274 979 373 1032 natur
387 980 425 1031 ut
438 968 607 1053 reprobus,
624 967 729 1052 quiin
751 988 872 1031 morum
897 970 1125 1052 verborumque
1151 990 1241 1032 com·

276 1070 412 1147 mersio,
421 1069 600 1154 praesertim
611 1070 645 1131 in
656 1069 724 1133 soro
735 1069 892 1143 fidelium,
903 1069 999 1154 hujus
1008 1068 1108 1132 divini
1120 1071 1240 1154 eloquii

275 1169 401 1255 passim
417 1181 451 1236 et
466 1171 599 1255 publice
615 1192 681 1234 non
703 1170 842 1234 admittit
861 1180 1039 1252 argentum,
1055 1170 1141 1255 quod
1162 1172 1237 1251 igne

276 1273 421 1356 Spiritus
444 1271 558 1338 Sancti
581 1271 801 1334 examinatum
825 1283 884 1349 est,
899 1285 1065 1355 purgatum
1087 1275 1128 1336 ab
1151 1274 1238 1337 omni

278 1372 361 1436 tace
389 1384 515 1438 terrena
540 1381 572 1435 et
598 1373 725 1434 macula
745 1380 902 1455 purgatur
923 1374 1117 1456 septuplum.
1162 1373 1238 1438 istis

278 1495 359 1558 ergo
369 1495 480 1539 secura
492 1474 575 1537 fides
589 1474 756 1537 incumbat
766 1484 798 1536 et
809 1474 882 1550 illis,
894 1495 964 1556 quae
979 1470 1055 1537 binc
1067 1476 1236 1558 probatum

279 1585 315 1639 et
329 1574 473 1638 debitum
487 1573 655 1658 accipiunt
669 1574 916 1648 firmamentum,
932 1574 1082 1658 quoniam
1098 1573 1239 1638 infidelis

279 1685 316 1738 et
329 1673 501 1738 hereticus
516 1684 575 1752 est,
591 1673 646 1757 qui
663 1674 709 1738 eis
724 1695 820 1739 ausus
835 1675 929 1737 suerit
944 1675 1101 1755 refragari.

327 1777 380 1839 De
400 1776 555 1839 librorum
578 1795 653 1839 vero
674 1776 861 1839 auctoribus
883 1777 1040 1839 variantur
1059 1776 1239 1861 opiniones,

279 1877 360 1942 iicet
373 1877 436 1941 ista
449 1878 650 1961 praeraluerit
664 1877 752 1961 apud
774 1878 943 1941 ecclesiam
958 1898 1014 1941 eos
1035 1879 1076 1941 ab
1090 1878 1154 1941 illis
1169 1898 1239 1941 esse

280 1978 498 2064 prescriptos,
525 1979 636 2062 quiin
662 1979 860 2059 singulorum
888 1976 987 2043 titulis
1012 1988 1237 2064 praenotantur.

282 2080 430 2144 Isidorus
444 2091 537 2144 sexto
553 2075 820 2164 etymologiarum
841 2082 935 2161 libro,
950 2102 1021 2164 cap.
1036 2082 1071 2156 ii,
1085 2081 1239 2144 rationem

283 2183 451 2246 nominum
474 2203 548 2266 que
570 2178 658 2245 libris
680 2181 784 2246 indita
807 2192 892 2259 sunt,
914 2203 933 2246 a
954 2182 1043 2247 sonte
1065 2184 1239 2246 litterarum

286 2284 507 2367 Hieronymus
533 2295 695 2348 mutuatus
719 2284 865 2368 exponit,
888 2294 920 2349 et
944 2294 1091 2349 auctores
1120 2305 1239 2348 eorum.

285 2389 464 2452 Rhabauus
485 2408 614 2473 quoque
637 2389 671 2451 in
694 2389 777 2451 libro
803 2388 843 2451 de
867 2390 1093 2454 ecciesiasticis
1116 2389 1241 2462 officiis,

286 2510 384 2574 quern
398 2491 545 2553 nonnulli
561 2490 602 2553 de
618 2490 826 2554 sacramentis
842 2489 964 2564 dicunt,
981 2502 1015 2555 et
1029 2490 1241 2554 Cassiodorus

285 2591 320 2653 in
342 2591 427 2654 libro
442 2589 483 2652 de
499 2590 699 2654 institutione
715 2589 892 2653 divinamm
914 2590 1088 2654 litterarum
1104 2612 1176 2675 quas
1199 2590 1242 2653 ad

285 2690 374 2755 hunc
397 2692 564 2756 articulum
586 2691 757 2776 pertinent,
779 2692 873 2756 latius
894 2693 1074 2776 exequitur.
1112 2691 1240 2756 Cassio·

285 2793 383 2858 dorus
408 2794 494 2858 enim
520 2815 586 2857 non
616 2794 712 2857 modo
738 2794 780 2858 de
806 2794 980 2877 Scripturis
1006 2790 1179 2857 Canonicis
1209 2801 1243 2855 et

284 2917 394 2959 samm
416 2896 599 2960 auctoribus
622 2896 758 2974 disserit,
773 2896 865 2960 seda
887 2896 1005 2979 quibus
1027 2904 1242 2978 exponantur,

285 2998 437 3079 eleganti,
452 3008 489 3060 ut
503 2999 595 3076 solet,
610 2998 765 3062 describit
780 2998 918 3081 eloquio.

330 3098 490 3163 Proeterea
515 3094 634 3181 singuli
662 3101 793 3163 Patrum
816 3100 931 3162 librum
953 3099 1091 3181 aliquem
1114 3096 1244 3180 exposi-

284 3204 360 3281 turi,
374 3204 458 3267 sicut
473 3204 554 3269 ratio
570 3204 681 3286 exigit,
698 3202 738 3266 de
754 3215 896 3281 auctore,
909 3213 941 3267 et
956 3200 1087 3266 materia
1101 3201 1181 3284 ejus,
1192 3202 1239 3264 in-

285 3306 441 3380 tentione,
457 3317 489 3370 et
507 3326 615 3383 causa,
629 3314 662 3368 et
684 3304 789 3381 titulo,
803 3316 835 3367 et
858 3305 886 3366 si
905 3326 969 3388 qua
991 3305 1055 3368 alia
1072 3314 1148 3367 sunt
1170 3323 1242 3385 quae

287 3407 500 3485 auditoribus,
528 3418 561 3470 et
588 3406 763 3469 lectoribus
798 3406 973 3469 faciliorem
1001 3401 1243 3488 intelligentiam

287 3509 453 3594 sequentis
473 3510 580 3592 operis
600 3517 792 3592 praeparent,
808 3508 842 3569 in
865 3508 1054 3573 tractatibus
1076 3508 1143 3571 suis
1164 3529 1244 3592 prae·

289 3612 414 3675 mittere
436 3616 681 3686 consueverunt,
696 3621 729 3671 et
750 3609 821 3672 haec
842 3608 972 3693 quidem
992 3610 1101 3673 habita
1122 3611 1245 3673 ratione

289 3714 366 3787 loci,
381 3721 414 3774 et
435 3712 599 3795 temporis,
614 3720 646 3774 et
668 3731 779 3774 eornm
799 3710 839 3774 ad
861 3732 941 3796 quos
962 3733 1067 3776 sermo
1090 3709 1245 3794 dirigitur,

291 3826 327 3878 ut
335 3813 376 3878 ad
389 3815 522 3878 formam
531 3813 740 3895 Evangelicte
749 3813 964 3890 institutionis,
973 3814 1102 3877 familiae
1114 3814 1245 3878 Domini

290 3935 473 3981 mensnram
485 3916 552 3979 cibi
562 3914 710 3979 salutaris
722 3925 910 4000 opportunae
922 3915 1117 3999 dispensent.
1149 3915 1246 3991 Nam,

291 4028 328 4080 nt
341 4016 387 4080 ait
409 4011 581 4093 Palladius,
597 4034 713 4095 magna
734 4035 808 4098 pars
825 4014 1005 4098 prudentiae
1028 4027 1087 4089 est,
1103 4018 1250 4079 consulta

293 4118 416 4181 ratione
439 4137 608 4200 personam
630 4116 716 4178 illius
731 4116 788 4198 qui
809 4116 921 4179 scribit
942 4117 1113 4198 permetiri.
1152 4116 1249 4180 Unde

295 4221 335 4282 ab
351 4219 546 4283 executione
562 4216 699 4298 vulgatas
714 4216 879 4299 opinionis
899 4215 940 4281 de
955 4217 1114 4280 industria
1132 4219 1249 4299 stylum

296 4318 472 4401 suspendo,
484 4316 527 4380 ad
540 4314 605 4378 alia
615 4315 814 4390 transiturus,
827 4316 891 4378 nisi
903 4312 983 4381 sorte
995 4316 1137 4396 dignatio
1149 4326 1253 4377 vestra

296 4420 499 4504 preceperit,
515 4432 550 4482 ut
573 4429 605 4481 et
624 4418 707 4481 hanc
728 4415 912 4497 diligentius
932 4437 1083 4498 exequar.
1123 4410 1254 4477 Interim

750 4532 770 4574 Ρ
784 4520 804 4578 9
