3034 5500
407 744 451 804 90
664 756 802 801 russeus
819 753 1096 800 sanusnunruums
1268 737 1313 818 [a.
1329 754 1357 799 n.

407 907 520 995 quiin
543 907 721 970 fornicariae
743 906 879 970 abusum
903 903 1043 967 ecclesias
1066 905 1151 968 bona
1171 904 1359 990 dilapidans,

407 1008 578 1074 sanctuarii
611 1008 784 1072 contemnit
818 1028 939 1084 curam,
969 1007 1131 1092 caliceque
1163 1006 1299 1070 inhabili
1330 1022 1359 1071 et

406 1111 516 1197 inepto
544 1109 772 1195 redemptionis
807 1122 934 1186 nostrae,
964 1106 1095 1190 indigne
1125 1121 1158 1172 et
1189 1107 1360 1194 periculose

407 1212 557 1276 tractavit
574 1211 728 1296 pretium:
749 1210 808 1273 hoc
824 1209 1038 1296 praecipimus,
1055 1224 1092 1274 ut
1107 1233 1182 1273 eum
1200 1211 1358 1275 severitate

406 1305 556 1378 c'anonica
589 1311 751 1398 corripias,
783 1328 819 1376 ut
857 1316 888 1376 in
928 1334 1021 1396 poena
1057 1313 1153 1376 unius
1190 1314 1357 1377 multorum

407 1416 610 1501 corrigantur
638 1437 769 1478 errores.
829 1413 877 1477 Sit
907 1414 1016 1499 itaque
1046 1414 1275 1478 sollicitudinis
1301 1429 1359 1478 tue

407 1518 562 1582 attentius
582 1517 760 1604 providere,
775 1528 812 1579 ut
831 1516 863 1578 in
883 1517 1031 1581 omnibus
1050 1514 1192 1580 ecclesiis
1207 1517 1266 1581 tibi
1280 1539 1361 1579 cosn-

408 1618 522 1692 missis,
548 1640 608 1704 pro
635 1617 844 1681 facultatibus
868 1638 976 1679 earum
1001 1638 1063 1679 non
1095 1616 1193 1681 modo
1222 1620 1361 1701 argentei

409 1720 523 1787 calices
544 1722 774 1799 instaurentur,
797 1719 851 1782 sed
867 1716 1067 1797 vestimenta,
1088 1732 1120 1783 et
1144 1719 1252 1784 omnia
1275 1735 1362 1783 uten-

409 1822 480 1888 silia
501 1829 582 1888 sacri
603 1823 772 1888 ministerii
795 1823 839 1886 sic
861 1834 1059 1908 reparentur,
1083 1837 1120 1885 ut
1144 1822 1242 1886 modo
1268 1822 1361 1908 possit

409 1923 540 1987 honeste
568 1924 707 1988 Domino
733 1924 913 1988 ministrari.
970 1923 1008 1986 In
1039 1923 1099 1986 hac
1125 1937 1234 1987 autem
1262 1938 1360 2008 parte,

410 2047 474 2088 non
489 2024 661 2099 monachis,
677 2048 738 2088 non
761 2025 930 2103 canonicis,
945 2047 1006 2088 nou
1030 2024 1124 2089 alicui
1145 2027 1277 2089 omnino
1295 2048 1361 2111 per-

409 2148 495 2190 sonae
524 2148 646 2211 parcas,
677 2127 756 2211 quin
787 2127 926 2191 Domino
955 2126 995 2190 de
1022 2128 1113 2192 bonis
1141 2129 1208 2192 suis
1238 2127 1362 2192 honoris

410 2224 558 2310 primitiae
567 2225 835 2311 persolvantur,et
845 2226 938 2312 plane
948 2228 1086 2313 quisque
1096 2230 1180 2293 sicut
1189 2229 1359 2293 Dominum

410 2329 531 2414 diligit,
552 2343 585 2394 et
608 2331 745 2403 animam
770 2354 872 2408 suam,
895 2333 939 2395 sic
961 2335 1160 2397 commissam
1186 2334 1246 2397 sibi
1271 2335 1364 2397 hono-

410 2432 494 2495 rabit
517 2431 687 2496 ecclesiam.
742 2432 972 2498 Lincolniensis
995 2457 1070 2497 rero
1096 2435 1253 2508 sacerdos,
1280 2435 1306 2498 si
1331 2432 1360 2496 in

405 2530 530 2617 judicio
558 2530 674 2617 culpae,
703 2555 778 2616 quae
807 2533 839 2595 in
874 2555 947 2595 eum
977 2533 1180 2619 impingitur,
1205 2535 1362 2599 obnoxius

409 2630 606 2717 apparuerit,
621 2646 653 2696 et
676 2632 764 2716 quod
786 2632 840 2697 illa
859 2656 934 2719 quse
956 2634 984 2696 ei
1007 2650 1187 2720 pepererat,
1203 2635 1270 2699 siue
1291 2658 1361 2698 ‹ron-

410 2735 554 2801 iessionis
578 2748 634 2799 aut
657 2734 888 2801 communionis
915 2736 1159 2822 participatione
1184 2736 1362 2812 decesserit,

409 2850 442 2901 et
472 2835 597 2909 deinde,
624 2851 660 2899 ut
690 2835 905 2901 Christianam
936 2836 1066 2902 haberet
1098 2836 1309 2923 sepulturam,
1332 2839 1361 2900 in

410 2936 544 3002 ecclesia
560 2936 670 3001 fecerit
690 2936 864 3022 purificari,
880 2951 942 3000 tam
967 2937 1022 3002 diu
1047 2938 1223 3003 secundum
1247 2953 1365 3004 statuta

410 3054 539 3126 patrum
566 3039 687 3103 ordinis
715 3039 764 3101 sui
789 3039 1062 3105 administratione
1092 3040 1239 3126 privetur
1266 3042 1364 3105 donec

413 3142 517 3228 ipsum
540 3140 699 3225 condigna
720 3140 919 3226 poenitentia,
939 3157 1097 3228 quantum
1119 3144 1161 3207 ad
1188 3147 1362 3208 humanum

411 3257 532 3329 spectat
560 3266 706 3318 examen,
732 3257 855 3307 constet
883 3245 1005 3309 veniam
1034 3246 1195 3311 meruisse.
1241 3246 1305 3313 sed
1334 3259 1365 3309 et

410 3345 593 3432 capellanus
604 3346 674 3430 ejus
689 3345 791 3408 eidem
809 3369 912 3431 poenae
928 3348 1101 3433 subjaceat,
1114 3349 1174 3413 nisi
1189 3372 1280 3413 suam
1296 3372 1366 3413 con-

410 3448 508 3534 digne
524 3447 626 3511 valeat
647 3447 858 3512 innocentiam
881 3448 1053 3514 declarare.
1098 3452 1228 3537 quue,
1246 3456 1274 3517 si
1293 3473 1365 3537 pur·

410 3553 499 3635 gatio
525 3549 706 3635 proestanda
731 3564 791 3623 est,
817 3552 919 3635 magis
945 3552 1074 3616 videtur
1096 3554 1148 3616 hic
1174 3554 1365 3630 onerandus,

410 3677 478 3739 quo
493 3653 598 3716 miuus
613 3653 729 3715 meruit
745 3652 862 3716 habere
884 3653 968 3728 fidei,
983 3654 1062 3718 dum
1085 3656 1277 3720 confessioni
1294 3678 1364 3741 pro·

410 3758 491 3840 priae
503 3757 590 3820 visus
604 3769 651 3820 cst
663 3755 822 3820 reluctari.
856 3758 900 3820 Et
911 3756 1040 3841 quidem
1053 3760 1123 3843 ejus
1137 3773 1186 3823 est
1203 3772 1365 3823 mortuum

413 3858 534 3921 solvere
556 3872 589 3921 et
611 3859 710 3942 ligare
732 3859 790 3943 qui
814 3858 899 3921 solus
914 3873 1020 3944 potest
1043 3874 1187 3924 mortuos
1201 3862 1364 3929 suecicae.

411 3974 444 4022 et
467 3960 523 4043 qui
546 3961 713 4044 potestatis
732 3961 832 4046 hujus
854 3961 1020 4025 arbitrium
1045 3962 1211 4049 discipulis
1233 3962 1366 4028 contulit

412 4083 508 4146 super
532 4076 659 4137 terram,
675 4061 756 4124 hauc
779 4062 905 4148 speciali
930 4065 1097 4150 privilegio
1116 4064 1237 4129 diviuae
1258 4066 1368 4152 majes-

414 4163 491 4227 tatis
504 4164 536 4226 in
553 4164 641 4227 coelis
662 4162 794 4227 retinuit
817 4164 1016 4249 dignitatem.
1063 4168 1239 4242 Caeterum,
1255 4167 1367 4232 dilecte

413 4265 444 4327 in
460 4266 597 4330 Domino
609 4264 711 4341 iili,ea
725 4265 860 4329 cautelae
874 4267 1042 4352 diligentia
1053 4291 1176 4333 versare
1192 4269 1224 4332 iu
1242 4270 1366 4345 talibus,

414 4381 451 4431 ut
467 4366 566 4430 videri
590 4388 650 4427 non
676 4366 775 4449 possis
798 4369 883 4432 sitire
907 4371 1072 4453 pecuniam
1097 4369 1364 4456 delinquentium,
