3034 5500
167 737 279 819 llos]
555 755 733 804 ammona.
1059 746 1122 806 tot

164 903 304 969 alterum
329 929 349 971 a
376 903 517 971 Domino
541 906 669 992 pendet.
723 906 896 982 Quomodo
921 920 1029 973 autem
1054 908 1120 986 ille,

164 1027 240 1071 cum
264 1028 331 1093 quo
351 1006 441 1072 vobis
462 1009 781 1094 negotiumgeritur,
802 1009 921 1075 amicos
943 1022 977 1075 et
996 1021 1121 1076 contra·

165 1107 281 1174 luentes
295 1132 404 1175 secum
418 1110 512 1175 beare
528 1112 739 1191 consueverit,
749 1135 788 1176 ex
801 1135 865 1199 quo
879 1112 909 1177 ei
925 1112 957 1176 in
973 1113 1120 1179 omnibus

167 1210 385 1277 voluntatibus
400 1213 474 1288 suis,
490 1213 586 1277 etiarn
608 1237 680 1278 cum
704 1215 871 1300 dispendio
886 1214 981 1278 famae
997 1228 1029 1280 et
1045 1236 1122 1279 con·

166 1313 311 1376 scientiae
325 1336 388 1378 non
405 1315 621 1400 acquiescunt,
634 1316 742 1380 multis
759 1330 847 1402 patet
862 1317 1025 1402 exemplis.
1071 1318 1121 1383 Ex

168 1437 233 1503 quo
254 1415 347 1500 longe
371 1415 587 1501 periculosius,
610 1439 706 1504 quam
729 1417 953 1482 inconsiderati
976 1419 1121 1484 homines

168 1516 352 1602 opinentur,
377 1540 445 1582 esse
468 1518 603 1582 arbitror
631 1518 804 1606 aliquando
832 1520 873 1584 ad
900 1519 1121 1604 promissiones

168 1619 238 1705 ejus
255 1619 415 1704 jacturam
438 1620 543 1684 lacere
567 1620 771 1684 conscientiae
793 1633 827 1685 et
848 1620 1031 1693 honestatis,
1048 1643 1122 1706 quoe

168 1720 195 1785 si
221 1721 321 1786 semel
344 1722 513 1803 laedantur,
535 1722 629 1787 facile
653 1736 819 1810 nequeunt
842 1723 989 1809 reparari.
1036 1722 1120 1788 Num

167 1844 243 1911 quae
265 1824 298 1889 iu
320 1825 473 1891 alterutro
495 1826 577 1890 fiunt
591 1824 732 1902 vulnera,
754 1827 820 1891 lere
835 1826 965 1891 lethalia
986 1837 1070 1904 sunt,
1088 1837 1124 1891 ut
1143 1900 1145 1905 ,

170 1937 278 1990 tamen
293 1932 364 2011 jere
385 1929 486 2011 magis
506 1949 546 1991 ex
560 1927 745 1991 infirmitate
770 1927 873 1992 carnis
894 1927 1016 1991 dictum
1039 1926 1121 1991 acci·

168 2026 284 2112 piatur,
301 2051 397 2113 quam
421 2052 460 2093 ex
478 2028 602 2113 judicio
624 2027 763 2094 rationis.
811 2029 882 2093 Hac
906 2028 991 2092 enim
1010 2027 1121 2113 judice

169 2129 395 2214 perniciosiora
409 2144 494 2209 sunt,
510 2154 606 2217 quam
627 2130 692 2210 illa,
708 2154 782 2218 quae
803 2132 941 2217 corporis
956 2145 989 2197 et
1004 2130 1122 2196 animae

168 2251 356 2317 compagem
369 2234 505 2313 solvunt,
519 2232 657 2296 Ethuico
668 2234 788 2297 nedum
800 2233 981 2298 Christiano
991 2233 1123 2310 dicenti,

276 2336 412 2387 Summum
424 2335 500 2387 crede
511 2332 584 2386 nefas
597 2335 709 2386 animam
722 2335 844 2406 praeferre
855 2337 955 2405 pudori,

274 2420 319 2484 Et,
331 2427 435 2492 propter
446 2422 535 2484 sitam,
547 2419 649 2472 vivendi
661 2421 770 2490 perdere
783 2439 883 2474 caumas.

168 2506 267 2572 Unde
290 2517 357 2570 tota
377 2507 495 2570 mentis
516 2505 682 2570 affectione
704 2507 852 2591 deposco,
873 2518 908 2571 ut
929 2507 956 2571 si
977 2507 1019 2572 de
1043 2530 1121 2594 pace

167 2628 241 2672 mea
258 2620 365 2673 actum
382 2608 487 2684 luerit,
503 2630 542 2672 ea
563 2608 767 2694 provideatur
788 2609 900 2685 forma,
915 2609 948 2672 in
971 2632 1035 2694 qua
1056 2631 1120 2698 noa

168 2708 348 2778 offendatur
365 2714 454 2777 Deus
469 2721 502 2775 et
516 2709 673 2785 honestas,
689 2732 786 2797 quam
802 2731 866 2773 non
889 2709 992 2775 audeo
1013 2711 1121 2778 dicore

168 2833 239 2896 ego,
263 2813 319 2877 sed
346 2812 435 2878 Deus
458 2812 536 2876 mihi
558 2812 712 2877 hactenus
733 2813 890 2896 integram
913 2813 1120 2890 conservavit,

166 2914 267 2980 illaesa
282 2937 409 3002 quoque
421 2916 453 2978 in
471 2928 631 3000 posterum
644 2914 729 3000 apud
745 2914 890 2978 homines
900 2925 1121 2979 conservetur:

168 3027 202 3081 et
215 3017 241 3081 si
254 3016 334 3081 forte
345 3017 417 3082 tulis
433 3017 571 3102 potuerit
582 3017 727 3091 inveniri,
740 3040 832 3102 agam
847 3017 965 3101 gratias
980 3016 1121 3081 Domino

169 3130 203 3184 et
223 3120 324 3199 vobis,
345 3133 379 3184 et
400 3121 558 3196 omnibus,
582 3121 636 3207 qui
660 3121 700 3185 ad
723 3120 783 3184 hoc
805 3142 934 3205 operam
963 3118 1121 3186 dederint.

170 3222 205 3290 Si
227 3244 303 3287 vero
324 3222 365 3286 do
386 3222 579 3310 juramentis
603 3235 710 3287 actum
733 3222 839 3304 suerit,
861 3221 950 3286 novit
974 3220 1122 3287 dominus

170 3345 261 3389 meus
286 3324 462 3411 episcopus,
486 3347 582 3411 quam
610 3324 718 3389 subtili
744 3325 922 3389 reverentia
947 3324 980 3388 in
1005 3323 1123 3389 talibus

170 3437 290 3492 tenear.
330 3426 496 3514 Numquid
509 3450 585 3511 ergo
595 3428 704 3512 jurare
716 3449 840 3513 possem
856 3426 888 3491 in
905 3449 944 3491 ea
958 3426 1124 3513 praescrip·

170 3528 257 3592 tione
272 3528 452 3609 verborum,
468 3540 523 3593 aut
543 3530 647 3615 potius
662 3529 772 3594 salutis
794 3529 1033 3615 proscriptione,
1048 3551 1123 3614 qum

171 3631 212 3696 ab
221 3631 291 3697 aliis
303 3646 338 3696 ut
347 3631 452 3708 audio,
463 3631 601 3716 exigitur
611 3644 643 3696 et
655 3644 833 3718 praestatur,
844 3632 899 3697 ubi
910 3654 969 3697 uec
979 3631 1124 3713 Domini,

171 3753 231 3797 nec
247 3732 336 3816 legis,
353 3755 412 3796 nec
428 3733 547 3797 ordinis
564 3732 704 3797 salvandi
720 3733 797 3797 licet
818 3733 887 3797 fieri
902 3730 1124 3797 mentionem?

171 3835 225 3899 sed
242 3848 275 3898 et
290 3835 331 3899 de
346 3834 628 3899 consuetudinibus
643 3834 795 3920 reprobis,
811 3847 845 3898 et
859 3834 982 3919 legibus
996 3834 1122 3918 ignotis,

158 3948 226 4001 aut
241 3938 496 4023 repugnantibus
510 3937 573 4021 legi
591 3936 734 4012 Domini,
750 3937 921 4012 servandis,
934 3935 1005 4023 quis
1020 3959 1124 4002 sacra·

170 4051 316 4102 mentum
332 4049 472 4124 praestat,
490 4038 548 4103 nisi
564 4038 686 4103 alienus
700 4060 719 4101 a
734 4037 797 4101 fido
813 4048 846 4101 et
860 4038 1003 4102 omnium
1020 4061 1125 4104 sacra·

172 4150 355 4204 mentorum
377 4136 603 4225 contemptori
631 4160 706 4202 sane
729 4137 934 4203 temerarium
960 4138 1066 4214 nimis,
1089 4150 1123 4204 et

171 4241 303 4306 omnino
328 4242 536 4329 praecipitem,
562 4252 594 4305 et
625 4240 877 4327 praecipitantem
907 4263 941 4304 se
970 4239 1003 4302 in
1032 4239 1122 4303 mille

171 4344 386 4409 damnationis
400 4343 529 4432 laqueos
551 4353 742 4427 reputarem,
759 4342 814 4428 qui
837 4363 870 4406 se
893 4340 934 4404 ad
953 4340 1122 4403 observan-
