3034 5500
279 755 479 835 uta-64]
655 771 831 816 sermons.
1172 756 1232 815 125

275 924 426 990 transiret
440 926 621 1008 amplexus.
668 920 826 984 Praeterea
849 943 948 1006 quum
971 920 1015 982 ibi
1038 943 1104 1005 prae
1126 923 1233 1002 turba,

275 1042 305 1092 et
327 1025 439 1091 mariti
463 1022 514 1088 sui
535 1026 742 1109 perversitate
763 1044 824 1085 uon
850 1034 954 1106 posset
977 1021 1091 1099 audiri,
1113 1024 1153 1087 ad
1177 1025 1233 1088 do-

277 1131 400 1193 minum
417 1124 674 1190 Wintoniensem
696 1137 765 1187 tum
788 1123 968 1208 apostolicae
991 1123 1073 1188 sedis
1091 1124 1230 1210 legatum

277 1229 418 1305 accessit,
435 1240 469 1293 et
485 1227 567 1291 sicut
583 1225 666 1289 idem
684 1228 749 1289 suis
765 1225 880 1289 litteris
900 1227 1086 1301 testabatur,
1103 1227 1230 1290 tandem

278 1353 334 1416 per
357 1329 549 1393 sententiam
574 1328 644 1413 ejus
664 1326 817 1403 obtinuit,
841 1341 877 1391 ut
903 1331 932 1391 ei
955 1330 1063 1392 relicta
1088 1329 1234 1393 adultera

278 1429 414 1495 maritus
430 1452 509 1494 suus
524 1428 755 1492 restitueretur.
802 1429 913 1513 Ipsum
930 1451 1061 1512 quoque
1073 1430 1230 1513 judicium

279 1533 419 1617 episcopi
452 1530 686 1594 Wintoniensis
714 1529 904 1593 auctoritate
934 1529 1017 1592 sedis
1052 1531 1233 1615 apostolica

280 1631 409 1696 dicebat
421 1630 619 1707 roboratum,
630 1633 781 1715 quoniam
794 1652 863 1692 earn
870 1628 1047 1714 jamdictus
1057 1630 1234 1716 episcopus,

280 1733 359 1797 dum
386 1755 459 1797 eum
486 1744 790 1807 controversaretur,
813 1730 1056 1811 consultaverat,
1079 1733 1234 1817 scriptum

281 1834 406 1898 consilii
426 1857 446 1897 a
466 1833 596 1897 domino
621 1833 809 1897 Innocentio
825 1845 941 1898 sanctae
968 1833 1126 1898 memoriae
1153 1857 1236 1919 prae-

281 1935 444 1999 decessora
459 1948 576 2012 vestro,
593 1947 629 1998 ut
648 1933 785 2008 aiebant,
802 1947 974 2020 receperat,
988 1932 1021 1997 in
1044 1934 1112 1998 baec
1127 1937 1233 2002 verba.

281 2039 352 2100 Nos
373 2036 455 2099 enirn
477 2033 649 2121 originales
671 2057 848 2121 uunquam,
863 2035 918 2098 sed
941 2034 1061 2100 domini
1076 2036 1233 2101 Wintoni·

278 2137 363 2202 ensis
375 2137 498 2202 litteras
510 2158 606 2222 super
621 2135 681 2199 hoc
693 2134 852 2200 duntaxat
868 2136 1057 2222 accepimus.
1095 2143 1117 2174 “
1129 2139 1233 2224 Super

278 2237 420 2325 eoquod
436 2236 655 2321 interrogastis
670 2235 710 2299 de
726 2252 921 2301 sacramento
935 2238 1076 2323 conjugii
1094 2239 1232 2303 breviter

276 2338 466 2425 respondeo,
481 2337 567 2400 illam
584 2359 680 2423 quam
697 2336 807 2402 dixisti
829 2363 849 2403 a
870 2350 961 2424 patre
975 2339 1142 2423 conjugem
1166 2352 1230 2404 tra-

276 2438 392 2514 ditam,
406 2451 438 2501 et
455 2437 497 2501 ab
512 2460 550 2499 eo
564 2459 622 2500 our
638 2435 754 2501 tradita
768 2437 873 2502 suerat
896 2461 1022 2502 rursum
1046 2438 1130 2525 patri
1145 2463 1231 2504 com·

277 2539 474 2615 mendatam,
487 2539 587 2603 donec
603 2548 723 2602 statuta
738 2539 790 2602 die
805 2539 837 2603 in
853 2563 941 2603 suam
958 2539 1011 2605 ille
1025 2541 1155 2606 domum
1168 2555 1232 2607 tra-

278 2639 422 2715 duceret,
449 2640 523 2703 dico
552 2637 628 2724 quia
656 2638 796 2722 legitimo
824 2662 976 2703 consensu
1006 2642 1234 2706 interveniente

279 2767 318 2809 ex
335 2767 373 2807 co
389 2741 498 2807 statim
514 2742 631 2828 conjux
647 2739 721 2817 fuit,
737 2764 803 2827 quo
818 2755 992 2827 spontanea
1005 2743 1152 2828 pactione
1166 2766 1232 2807 sese

279 2846 450 2930 conjugem
477 2867 544 2908 esse
569 2842 735 2905 consensit.
780 2843 852 2904 Non
879 2845 962 2905 enim
988 2842 1134 2905 futurum
1161 2866 1234 2927 pro-

277 2945 480 3023 mittebatur,
518 2942 573 3008 sed
609 2966 746 3030 praesens
782 2942 979 3006 firmabatur.
1034 2943 1233 3028 Quapropter

278 3045 433 3133 quicquid
454 3058 565 3131 postea
593 3066 666 3108 cum
692 3043 754 3107 alia
770 3042 890 3106 lactum
917 3054 975 3117 est,
992 3041 1057 3105 sive
1078 3041 1109 3106 in
1133 3046 1231 3119 coitu,

281 3148 347 3211 sive
369 3151 401 3211 in
423 3146 628 3232 generatione
650 3145 757 3230 prolis,
775 3157 864 3208 tanto
887 3143 1163 3230 reprehensibilius
1184 3161 1232 3209 est

279 3250 467 3324 secundum,
484 3260 607 3333 quanto
630 3248 732 3311 verius
754 3247 904 3332 primum.
949 3248 1123 3311 Constante
1148 3245 1230 3310 enim

278 3350 394 3436 primo,
423 3362 546 3434 quanto
584 3347 722 3434 amplius
759 3349 792 3411 in
834 3348 973 3412 secundo
1010 3348 1232 3430 committitur,

279 3466 371 3518 tauto
387 3452 489 3537 magis
503 3450 599 3537 culpa
614 3453 780 3534 augetur.''
825 3449 906 3513 Inde
928 3473 1028 3536 quum
1044 3474 1086 3516 cx
1107 3463 1233 3537 aposto·

279 3553 342 3617 lico
365 3555 486 3639 scripto
508 3551 604 3617 fuerit
627 3551 801 3615 divortium
826 3551 1032 3632 celebratum,
1048 3575 1104 3616 nec
1126 3552 1232 3638 elapso

278 3653 444 3731 decennio,
467 3667 524 3717 aut
547 3652 684 3738 amplius
707 3653 747 3716 sit
770 3652 879 3737 aliquo
896 3653 980 3738 juris
1001 3654 1141 3718 remedio
1163 3676 1234 3717 sen·

279 3754 380 3819 tentia
395 3766 598 3838 attemptata,
614 3752 694 3816 illud
710 3776 777 3817 esse
798 3755 1033 3819 matrimonium
1049 3754 1230 3821 habendum

277 3854 367 3941 quod
394 3854 520 3939 legatus
546 3852 737 3930 conciliavit,
764 3869 795 3920 et
825 3855 1042 3919 adulterinum
1070 3878 1138 3919 esse
1166 3878 1232 3919 am·

276 3956 421 4042 plexum,
433 3977 530 4040 quem
543 3954 632 4018 sedes
643 3956 812 4041 apostolica
824 3956 1055 4020 condemnavit.
1088 3956 1141 4018 Ad
1154 3956 1233 4035 haec,

272 4054 338 4139 jam
357 4079 420 4120 non
434 4057 524 4120 estin
542 4056 717 4142 quaestione
731 4070 839 4121 utrum
852 4057 979 4122 illorum
996 4057 1231 4121 matrimonium

276 4157 388 4235 fuerit,
405 4180 505 4243 quum
530 4157 589 4220 lroc
612 4157 732 4243 liqueat
748 4181 787 4221 ex
806 4181 840 4221 re
858 4157 1014 4243 judicata,
1031 4180 1071 4221 cx
1086 4158 1233 4222 divortio

277 4260 450 4336 celebrato,
465 4282 504 4321 ex
520 4281 558 4323 eo
573 4257 660 4343 quod
678 4280 781 4345 usquo
802 4259 842 4321 ad
865 4258 932 4322 dies
948 4261 1022 4323 vitae
1046 4258 1232 4320 novissimos

279 4359 389 4424 relicta
416 4357 561 4424 adultera
587 4359 684 4445 priori
711 4360 839 4424 cohaesit
866 4359 969 4423 uxori.
1015 4364 1053 4423 ln
1085 4356 1232 4419 omnibus
