3034 5500
284 757 485 834 net-64]
691 775 871 820 arrsrona.
1182 760 1239 824 131

279 950 375 1013 copus
394 925 579 991 Londonioe
601 926 794 1003 convocavit,
811 926 1036 1004 celebraretur,
1049 927 1242 1008 Adelieiam‚

278 1032 358 1096 sicin
381 1029 479 1093 multi
504 1042 677 1115 praesentes
700 1030 908 1106 testabantur,
929 1029 1119 1115 saepedictus
1140 1031 1241 1094 archi-

278 1134 431 1198 diaconus
454 1132 633 1196 inauditam
655 1132 687 1195 in
710 1131 908 1196 indefensam
931 1133 962 1196 in
984 1133 1123 1218 capitulo
1145 1135 1238 1198 Cole-

276 1235 440 1316 eestrensi,
450 1234 748 1320 nullopraecedente
756 1235 880 1320 judicio
888 1237 1242 1321 praeeeperatamoveri,

276 1350 309 1402 et
326 1338 415 1424 qnod
439 1337 568 1423 gravius
588 1351 646 1414 est,
670 1361 801 1402 uxorem
815 1340 920 1403 'totius
939 1339 1034 1423 hujus
1054 1340 1241 1425 quaestionis
1311 1326 1314 1332 ¹

278 1441 424 1526 ignaram
441 1441 572 1505 adorno
588 1440 692 1504 mariti
710 1463 849 1526 praesens
862 1441 965 1525 ejecit.
1005 1441 1116 1515 Quum
1132 1456 1239 1506 autem

279 1545 311 1608 in
329 1545 400 1629 jam
424 1543 512 1607 dicta
533 1542 652 1629 synodo
679 1542 896 1606 Londoniensi
919 1559 1129 1606 memoratum
1153 1543 1241 1606 Win-

282 1648 463 1713 toniensem
481 1646 628 1710 Adelicia
643 1647 852 1721 convenisset,
866 1668 929 1708 non
946 1645 1005 1709 boc
1021 1646 1149 1731 quidem
1167 1647 1243 1730 egit,

278 1749 339 1814 uisi
361 1760 399 1813 ut
420 1749 545 1812 illatam
568 1748 628 1812 sibi
650 1749 692 1811 ad
714 1747 937 1812 archidiacono
957 1747 1137 1833 deploraret
1159 1749 1244 1832 inju-

283 1853 377 1932 riam,
399 1863 433 1914 et
451 1851 545 1934 juxta
571 1850 758 1914 mandatum
786 1849 871 1935 quod
898 1850 1045 1914 dominus
1075 1850 1243 1914 Albericus

283 1955 410 2038 legatus
429 1952 651 2017 Wintoniensis
666 1951 795 2028 fecerat,
814 1952 970 2037 justitiam
995 1967 1242 2039 consequeretur

287 2056 423 2121 Nullum
439 2068 546 2118 autem
563 2055 650 2118 aliud
660 2055 810 2129 -verbum,
824 2055 905 2118 sicut
921 2055 1054 2140 probare
1070 2056 1242 2131 nitebatur,

283 2158 327 2224 ibi
352 2157 499 2223 habiturn
519 2171 569 2221 est
590 2179 662 2220 cum
686 2158 764 2242 ipsa,
777 2157 836 2220 nisi
860 2159 946 2244 quod
965 2159 1128 2244 querelam
1152 2180 1241 2222 suam

282 2262 366 2348 apud
387 2260 534 2345 judicem
557 2260 689 2324 surdum
712 2261 866 2345 deposuit.
913 2262 1118 2334 Querebatur
1144 2263 1240 2324 etiam

285 2362 369 2449 quod
399 2363 485 2426 idem
516 2362 740 2426 Wintoniensis
767 2363 807 2426 ad
834 2363 1034 2448 dispendium
1063 2366 1143 2449 ejus,
1170 2386 1242 2426 con-

289 2465 396 2530 silium
419 2464 542 2529 domini
567 2463 745 2526 lnrrocentii
769 2464 894 2527 trabere
916 2465 1117 2551 disponebat,
1143 2487 1243 2551 quum

287 2570 320 2632 iu
350 2566 541 2652 supradictis
570 2565 683 2629 litteris
717 2565 840 2630 domiui
876 2568 1054 2631 lnnocentii
1092 2567 1171 2630 nibil
1204 2568 1245 2630 de

289 2670 475 2757 parentibus
490 2670 559 2754 ejus
570 2691 752 2754 expressum
769 2669 875 2743 fuerit,
888 2671 943 2732 sed
956 2670 1061 2733 nescio
1076 2669 1245 2754 dequibus

290 2773 373 2838 male
389 2771 585 2857 conjunctis:
611 2784 757 2856 parentes
778 2772 863 2833 eninr
885 2773 955 2854 ejus
976 2792 1178 2856 nequaquam
1202 2770 1245 2832 sic

287 2886 524 2946 convenerant3
550 2876 635 2958 quod
651 2872 676 2935 si
693 2894 746 2934 cos
762 2871 943 2935 convenisse
959 2871 1148 2955 saepedictus
1163 2870 1246 2954 epis-

287 2997 386 3062 copus
407 2974 538 3040 domino
562 2995 652 3059 papae
675 2972 844 3057 suggessit,
868 2984 900 3035 et
923 2971 1011 3035 falsae
1038 2970 1247 3055 suggestionis

286 3079 394 3164 culpa,
419 3091 452 3143 et
474 3076 570 3141 alieni
592 3076 752 3140 mendacii
776 3075 896 3138 crimen
919 3075 1030 3138 obesse
1054 3095 1117 3136 non
1139 3072 1247 3137 debet.

288 3183 326 3245 In
351 3203 478 3245 summa
500 3178 581 3242 sicut
607 3179 765 3242 Ricardus
785 3178 945 3264 praecipue
966 3176 1141 3258 insistebat,
1159 3175 1249 3240 insti·

287 3281 403 3347 tutioni
419 3279 569 3345 avunculi
594 3280 781 3365 petitionem
800 3278 993 3342 baereditatis
1015 3278 1193 3354 instituens,
1213 3289 1248 3341 et

289 3387 331 3452 ad
346 3386 548 3461 damnatum,
566 3396 601 3448 ut
624 3384 763 3462 dicebat,
779 3383 971 3447 adulterium
993 3382 1247 3446 convincendum

293 3488 463 3555 sententiae
481 3486 706 3550 Wintoniensis
727 3486 876 3571 episcopi.
924 3485 977 3552 Sic
1000 3511 1017 3549 e
1040 3498 1150 3549 contra
1175 3483 1250 3549 Ma·

289 3590 366 3654 bilia
388 3588 528 3651 maxime
550 3586 647 3671 patris
667 3586 845 3649 novissimae
867 3585 1020 3649 voluntati
1040 3586 1248 3664 innitebatur,

291 3709 323 3755 et
332 3690 460 3779 judicio
475 3688 599 3753 comitis
616 3688 808 3753 Theobaldi.
848 3688 931 3753 Nam
945 3700 1117 3775 utrumque
1134 3689 1248 3752 docere

295 3793 431 3858 testibus
457 3790 680 3877 promittebat:
716 3791 756 3854 ad
782 3792 851 3854 lraec
880 3791 905 3855 si
932 3813 995 3853 non
1022 3813 1250 3877 usquequaque

296 3922 370 3986 pars
392 3897 556 3962 aberraret
577 3896 724 3972 auctoris,
740 3897 801 3960 sibi
822 3910 854 3959 et
877 3896 1085 3960 diuturnitate
1101 3896 1252 3981 temporis

298 4012 329 4065 et
341 3999 425 4085 juris
439 3998 629 4083 ignorantia,
645 4019 779 4061 numero
801 3998 985 4078 liberorum,
1008 4012 1042 4062 et
1063 4000 1252 4063 auctoritate

297 4101 455 4180 ecclesiae,
479 4122 553 4187 quoe
575 4100 813 4164 matrimonium
838 4099 916 4166 illud
941 4101 1158 4184 conjunxerat,
1181 4100 1255 4163 sub-

294 4204 491 4269 veniendum
519 4225 587 4267 esse
611 4205 854 4290 protestabatur.
902 4204 986 4267 Nam
1013 4203 1045 4265 in
1076 4225 1170 4266 causa
1195 4207 1255 4266 ‹lu-

295 4308 369 4372 riori
387 4308 491 4372 Divus
508 4306 638 4370 Marcus
649 4320 683 4372 et
695 4308 816 4372 Lucius
831 4305 1001 4390 benignius
1013 4306 1256 4389 responderunt,

293 4414 338 4475 ita
363 4411 486 4475 Flavioe
511 4410 669 4474 Tertullae
689 4432 746 4497 per
768 4431 947 4473 mensorem
972 4407 1122 4469 libertum
1151 4403 1261 4468 reseri-

755 4521 809 4577 ut
