3034 5500
278 757 388 830 llos]
672 773 849 819 arrsruua.
1171 769 1230 827 281
1258 823 1260 827 .

276 924 505 1000 cohabitatrix,
518 924 604 1005 quod
617 947 734 987 nomen
747 929 920 991 meretricis
932 940 991 1006 est,
1003 931 1237 1015 interpretatur,

276 1037 331 1087 aut
355 1027 466 1088 fluxus
488 1046 601 1098 vanus,
624 1027 700 1109 quia
722 1049 808 1090 more
831 1031 1044 1105 meretricum,
1063 1055 1134 1116 quae
1159 1057 1236 1098 con·

277 1128 360 1189 vivia
386 1139 552 1190 sectantur
576 1139 607 1189 et
631 1130 788 1205 tabernas,
813 1153 848 1193 se
872 1133 1008 1196 luxuriae
1032 1136 1183 1218 primum,
1207 1149 1238 1200 et

279 1229 368 1291 omni
395 1227 601 1311 postmodum
628 1230 820 1312 turpitudini
852 1248 1056 1315 exponentes
1086 1259 1150 1300 non
1176 1240 1237 1301 nisi

278 1332 380 1406 fluxa,
404 1351 476 1392 cum
500 1331 617 1412 quibus
640 1341 672 1393 et
691 1332 754 1415 ipsi
779 1334 980 1415 pereffluant,
1004 1350 1237 1417 consectantur,

279 1432 371 1494 utin
396 1441 562 1494 momento
585 1434 702 1515 pariter
724 1447 920 1497 evanescant
945 1458 1019 1499 cum
1043 1441 1236 1504 vanitatibus

281 1534 358 1596 suis.

320 1639 388 1698 Vos
412 1637 509 1716 igitur
523 1636 590 1699 istis
613 1637 877 1717 increpatoribus
893 1639 990 1700 immo
1006 1640 1238 1705 detractoribus

282 1738 394 1800 vestris
425 1737 502 1819 quid
529 1735 673 1818 poteritis
703 1734 846 1798 modeste
875 1737 1090 1819 respondere?
1124 1761 1237 1823 nempe

284 1838 373 1920 quod
389 1836 642 1901 modestissimus
658 1847 689 1898 et
705 1837 924 1899 sanctissimus
945 1838 1051 1901 David
1066 1840 1190 1903 intorsit
1204 1842 1239 1903 in

283 1941 512 2022 negligentiam
530 1940 646 2016 Abner,
665 1937 719 2022 qui
742 1939 775 2000 in
799 1939 898 2020 patris
917 1941 1081 2004 lucernam
1097 1943 1239 2020 vertitur,

284 2041 415 2125 quando
440 2042 568 2104 Saulem
594 2042 625 2102 iu
650 2042 763 2103 castris
787 2039 992 2104 dormientem
1021 2055 1129 2107 custos
1155 2067 1238 2107 som-

284 2144 435 2206 nolentus
460 2141 612 2225 elrposuit
641 2142 800 2218 hostibus,
823 2154 858 2204 ut
880 2143 912 2203 in
939 2158 1160 2224 argumentum
1184 2147 1239 2209 de·

286 2245 376 2307 sidiae
400 2246 545 2306 lanceam
570 2243 653 2322 regis
683 2254 716 2305 et
746 2244 904 2326 scyphum
928 2267 1019 2328 aquae
1039 2249 1198 2310 auferrent
1221 2270 1240 2310 a

286 2345 392 2449 capite
403 2345 739 2427 ejus,etasportarent.
758 2345 893 2407 Dicatur
902 2368 978 2426 ergo
986 2348 1239 2423 Ileresordiensi,

285 2450 436 2532 quoniam
453 2448 522 2529 ipse
546 2445 651 2508 Saulis
669 2446 718 2508 sui
735 2457 845 2508 custos
868 2458 925 2522 est,
942 2458 977 2510 ut
990 2449 1088 2527 aiunt,
1104 2460 1136 2512 et
1155 2452 1240 2512 Lon·

286 2549 422 2620 dinensi‚
453 2548 508 2630 qui
538 2569 557 2608 a
586 2567 709 2607 snrnmo
745 2547 900 2630 pontifice
936 2548 1113 2612 custodiam
1143 2551 1240 2626 hanc,

286 2670 386 2733 quum
413 2670 430 2710 a
457 2647 533 2708 sede
556 2667 614 2707 sua
635 2646 784 2726 migraret
807 2645 841 2706 in
864 2646 969 2723 aliam,
989 2649 1131 2710 noscitur
1148 2670 1240 2712 acce·
1314 2726 1316 2732 Ι

286 2754 393 2835 pisse:
418 2748 543 2812 dicatur
558 2750 689 2829 inquam
704 2748 830 2831 utrique
846 2768 965 2821 eorum,
982 2751 1153 2831 Numquid
1175 2772 1240 2812 non

286 2857 338 2915 uir
354 2861 387 2915 tu
404 2874 447 2929 es,
463 2859 494 2913 et
509 2853 581 2935 quis
596 2853 682 2913 alius
701 2852 820 2911 similis
839 2851 889 2911 tui
904 2851 940 2910 in
958 2851 1064 2913 Israel
1074 2851 1091 2912 ?
1131 2853 1241 2924 Quare

287 2978 352 3017 non
362 2954 532 3017 custodisti
542 2954 709 3016 (lominum
721 2973 825 3032 regem
838 2950 957 3014 tuum?
974 2953 1241 3031 VivitDominus‚

289 3058 363 3140 quia
379 3056 436 3117 filii
453 3056 561 3117 mortis
584 3056 660 3116 estis
676 3075 742 3128 vos
761 3054 816 3137 qui
840 3075 905 3115 non
920 3054 1104 3117 custodistis
1127 3056 1242 3118 Domi·

288 3179 363 3219 num
389 3173 538 3233 vestrum,
562 3156 724 3218 Christum
752 3155 895 3217 Domini.
942 3157 1008 3218 Ubi
1038 3156 1123 3218 enim
1150 3157 1242 3220 hasta

289 3260 372 3339 regis
403 3258 535 3340 justitiae
567 3257 775 3319 directionem
809 3256 1005 3337 significans,
1038 3269 1071 3320 et
1100 3258 1241 3341 scyphus

291 3382 393 3444 aquae,
417 3380 471 3421 vas
498 3360 618 3420 scilicet
642 3359 721 3439 legis
748 3379 848 3440 purae,
872 3358 926 3441 qui
951 3358 1053 3420 fuerat
1079 3358 1120 3422 ad
1145 3369 1243 3443 caput

291 3460 361 3543 ejus
383 3459 423 3522 ad
444 3459 638 3540 refrigerium
662 3459 767 3521 carnis
787 3468 820 3521 et
841 3458 1048 3522 resectionem
1065 3462 1193 3543 spiritus
1208 3462 1242 3523 in

292 3562 343 3624 siti
367 3560 446 3623 sua?
486 3560 597 3622 Sedet
618 3561 664 3622 illi
688 3560 842 3622 continuo
859 3561 962 3622 verbis
982 3563 1093 3626 Abner
1114 3562 1191 3626 fidei
1212 3573 1244 3625 et

293 3662 501 3726 sollicitudini
531 3674 641 3725 vestrm
678 3674 711 3725 et
747 3662 957 3745 increpationi
994 3664 1244 3747 respondebunt,

292 3764 445 3827 dicentes.
478 3763 558 3829 Quis
568 3785 602 3826 cc
613 3772 649 3826 tu
665 3766 723 3846 qui
738 3765 872 3839 clamas,
883 3771 914 3825 et
927 3766 1106 3847 iniquietare
1116 3765 1244 3844 regem?

294 3870 341 3928 Ac
357 3866 383 3927 si
400 3865 521 3938 dicant,
534 3865 708 3927 Permittite
720 3865 888 3927 nobiscum
903 3865 936 3926 in
953 3875 1140 3946 contemptu
1154 3884 1244 3926 man·

294 3967 449 4042 datorum,
467 3975 498 4029 et
513 3966 760 4049 persequutione
781 3976 964 4029 sanctorum
986 3966 1123 4029 dormire
1138 3988 1244 4048 regem

294 4083 448 4142 nostrum,
465 4077 501 4129 ut
516 4089 588 4129 eum
609 4078 797 4149 pausantem
814 4068 858 4129 sic
876 4067 910 4128 in
926 4080 1112 4151 contemptu
1127 4068 1244 4132 divinae

292 4167 372 4250 legis
387 4168 604 4251 producamus
619 4177 652 4229 et
666 4166 878 4250 perducamus
894 4167 934 4231 ad
950 4170 1108 4231 somnium
1125 4167 1245 4233 mortis.
1261 4198 1265 4205 ·

339 4271 407 4331 Vos
421 4278 527 4331 tamen
552 4268 607 4351 qui
628 4267 866 4330 reminiscimini
884 4268 1016 4329 Domini
1040 4289 1080 4330 ne
1103 4270 1245 4341 taceatis,

297 4384 328 4432 et
352 4392 392 4433 ne
421 4369 500 4433 dctis
527 4370 686 4431 silentium
713 4368 754 4443 ei,
781 4366 837 4431 sed
869 4368 1063 4449 exequimini
1092 4366 1178 4448 quod
1203 4369 1247 4431 ait
