3034 5500
299 753 501 833 Ποῦ-δα]
698 769 878 816 anrsrona.
1195 759 1259 818 215

293 942 366 984 earn
388 931 516 1006 partem
539 920 682 985 videatur
703 945 773 987 esse
796 923 974 1008 proclivior,
998 936 1033 988 ut
1055 924 1123 1006 ipse
1140 923 1252 988 boatus

291 1023 313 1086 J
315 1024 358 1085 ob
373 1025 518 1088 subactis
531 1025 762 1088 tentationibus
777 1026 939 1109 proprium
952 1025 1114 1110 scripserit
1123 1025 1251 1090 librum.

293 1125 348 1187 De
371 1125 489 1202 Tobia,
510 1124 635 1202 Judith,
659 1136 691 1190 et
710 1126 793 1193 libro
815 1127 1087 1205 Machabaeorum,
1109 1127 1250 1211 quinon

293 1237 370 1289 sunt
394 1227 516 1310 recepti
541 1227 575 1290 in
597 1248 731 1306 canone,
755 1249 775 1291 a
797 1229 916 1308 quibus
938 1229 1119 1292 auctoribus
1141 1229 1253 1313 scripti

291 1327 368 1399 sint,
384 1349 444 1391 nec
467 1329 596 1410 vulgata
618 1328 715 1392 docet
737 1329 859 1413 opinio,
875 1350 936 1392 nec
958 1327 1071 1392 deliis
1094 1351 1251 1413 sequaces

292 1428 440 1493 Philonis
467 1429 588 1493 faciunt
614 1431 828 1493 mentionem:
859 1430 934 1515 quia
961 1440 1066 1494 tamen
1092 1430 1190 1494 fidem
1217 1442 1250 1495 et

289 1530 476 1612 religionem
500 1532 675 1607 aedificant,
691 1532 745 1614 pie
767 1532 901 1596 admissi
924 1543 1009 1596 sunt.
1043 1534 1174 1596 Librum
1191 1535 1249 1597 Sa·

256 1645 259 1648 “
289 1632 421 1714 pientiae
444 1635 623 1718 composuit
647 1635 751 1709 Philo,
769 1634 950 1718 diciturque
968 1633 1247 1718 Pseudographus,

289 1754 358 1796 non
382 1737 459 1819 quia
480 1738 562 1800 male
586 1738 759 1821 scripserit,
784 1736 842 1799 sed
865 1736 942 1820 quia
967 1738 1050 1799 male
1076 1737 1246 1821 inscripsit

289 1833 471 1916 Inscriptus
494 1837 579 1899 enim
609 1848 658 1900 est
689 1836 857 1921 Sapientia
885 1836 1077 1914 Salomonis,
1102 1857 1201 1919 quum
1227 1860 1247 1902 a

289 1933 462 1999 Salomone
485 1958 552 2000 non
577 1939 619 2001 sit
640 1938 757 2016 editus,
780 1937 836 2001 sed
860 1949 991 2023 propter
1011 1939 1128 2021 stylum
1150 1960 1246 2024 quem

288 2035 440 2114 induerit,
456 2049 488 2101 et
509 2039 700 2120 elegantiam
722 2059 855 2116 morum,
870 2061 966 2123 quam
989 2039 1017 2102 ei
1033 2039 1178 2103 similiter
1196 2041 1246 2105 in·

287 2135 414 2213 format,
439 2137 556 2203 dicitur
581 2139 773 2202 Salomonis.
820 2138 1089 2202 Ecclesiasticum
1119 2140 1247 2225 scripsit

286 2241 383 2304 Jesus
400 2242 487 2305 filius
509 2241 634 2317 Sirach,
649 2241 705 2325 qui
726 2251 758 2303 et
778 2241 860 2324 ipse,
875 2241 951 2324 styli
972 2241 1193 2308 conformitate
1213 2254 1247 2310 et

285 2363 421 2416 morum,
446 2342 627 2406 Salomonis
650 2343 778 2417 dicitur,
801 2343 885 2407 sicut
906 2365 924 2407 e
948 2353 1060 2407 contra
1079 2366 1098 2407 a
1117 2343 1244 2411 Latinis

284 2464 346 2505 usu
362 2444 491 2523 vulgato
503 2442 655 2506 dicuntur
670 2462 739 2505 esse
755 2441 901 2525 quaedam
917 2441 957 2504 de
971 2444 1054 2507 libro
1066 2443 1242 2527 sapientia

286 2563 362 2627 quoe
376 2565 441 2607 nou
458 2544 516 2620 ibi,
530 2543 586 2606 sed
608 2544 642 2606 in
658 2542 824 2607 Parabolia
844 2543 980 2607 inveniri
1000 2543 1088 2609 haud
1107 2545 1242 2611 dubium

285 2657 345 2710 est.
391 2645 489 2710 Unde
512 2647 546 2709 in
569 2643 730 2721 Ecclesia,
746 2645 899 2728 periocha
919 2646 1146 2710 Parabolarum
1170 2670 1242 2732 quaa

283 2748 330 2813 sic
360 2748 487 2833 incipit,
513 2745 684 2812 Mulierem
706 2748 825 2829 sortem
853 2750 927 2829 quis
952 2748 1118 2811 investiet?
1151 2750 1242 2813 titulo

283 2851 460 2935 Sapientiae
475 2861 677 2935 prenotatur.
708 2850 790 2913 Haec
807 2848 847 2911 de
863 2868 995 2910 numero
1011 2857 1044 2909 et
1059 2850 1241 2915 auctoribus

281 2953 435 3016 librorum
451 2953 565 3016 veteris
579 2951 787 3028 Testamenti,
798 2951 831 3012 in
847 2949 967 3033 quibus
981 2969 1038 3031 pro
1054 2961 1144 3033 parte
1160 2971 1240 3033 prae·

281 3055 339 3118 sati
351 3067 499 3118 auctores
510 3076 530 3117 a
541 3055 668 3136 vulgata
680 3053 833 3139 opinione
843 3046 1047 3116 dissentiunt.
1079 3053 1240 3119 Numerus

281 3156 435 3219 librorum
456 3155 541 3219 Nori
560 3156 758 3220 Testamenti
779 3166 884 3220 certus
905 3170 965 3229 est,
981 3168 1014 3219 et
1033 3166 1190 3235 auctores,
1206 3167 1239 3220 et

280 3257 347 3321 fere
362 3258 454 3320 nulla
464 3270 513 3319 est
523 3258 740 3321 altercationis
752 3257 899 3341 quaestio.
939 3254 1107 3340 Siquidem
1119 3258 1238 3340 singuli

280 3359 497 3441 Evangelistoe
524 3380 584 3424 sua
607 3360 770 3423 volumina
796 3359 975 3423 ediderunt.
1014 3361 1136 3423 Paulus
1161 3383 1236 3427 suas

278 3460 433 3544 epistolas
448 3461 563 3539 texuit,
577 3462 636 3526 etsi
652 3462 739 3525 illam
756 3482 829 3544 quae
844 3462 885 3524 ad
898 3461 1056 3525 Hebraeos
1071 3473 1120 3525 est
1130 3463 1236 3547 suspi-

278 3573 391 3626 centur
400 3560 500 3644 aliqui
512 3561 612 3625 fuisse
625 3562 782 3624 Bamabae
793 3559 844 3624 rel
856 3561 1040 3625 Clementis.
1070 3563 1235 3645 Epistulas

278 3660 463 3727 canonicas
482 3662 530 3727 illi
551 3662 747 3745 scripserunt
768 3683 905 3746 quorum
918 3663 1103 3726 nominibus
1123 3664 1234 3727 iuscri-

277 3763 407 3829 boutur.
433 3764 485 3827 De
498 3760 623 3826 duabus
635 3777 741 3826 tamen
753 3759 1041 3848 epistolisJoannis
1052 3765 1232 3831 novissimis

278 3865 413 3949 quaestio
429 3876 486 3928 est
516 3867 617 3929 Actus
631 3867 856 3948 Apostolorum
872 3877 937 3928 tam
951 3865 1039 3929 fideli
1054 3876 1088 3929 et
1102 3867 1233 3943 salubri,

277 3986 375 4049 quam
391 3964 478 4027 dulci
501 3964 594 4048 stylo,
609 3966 715 4028 Lucas
738 3963 935 4046 dignoscitur
949 3986 1106 4028 exarasse.
1143 3968 1230 4048 Apo·

242 4122 246 4130 .
277 4067 436 4150 calypsim
451 4066 505 4129 alii
521 4088 539 4129 a
553 4064 576 4126 J
579 4050 682 4130 oanne
699 4068 864 4148 Apostol0‚
880 4067 933 4130 alii
949 4066 1121 4151 aquodam
1136 4087 1229 4131 sanc·

276 4169 399 4232 tissimo
411 4167 576 4232 sacerdote
593 4167 759 4250 Ephesino
774 4169 795 4231 J
797 4189 911 4244 oanne,
923 4167 1005 4231 sicut
1018 4168 1229 4231 litteratorum

276 4279 365 4350 pater
374 4269 710 4351 beatusHieronymus
721 4270 826 4342 refert,
834 4268 1024 4353 descriptam
1037 4269 1227 4351 opinantur:

275 4370 330 4434 sod
342 4368 430 4457 apud
445 4369 667 4435 credulitatem
678 4370 824 4434 ecclesiae
838 4370 1119 4453 vincitapostolus.
1144 4369 1226 4432 Huc
