3034 5500
283 742 341 799 134
537 753 674 797 roassrs
691 750 966 796 ssassosruaa'srs
1133 735 1180 814 [s.
1196 755 1224 797 n.

279 929 354 970 num
372 907 471 968 totius
486 903 585 966 divini
610 918 641 966 et
667 902 797 968 humani
819 901 915 987 juris,
931 915 962 964 et
990 903 1136 966 onmium
1161 927 1227 989 que

279 1022 400 1073 statuto
422 1021 493 1070 sunt
516 1007 556 1068 ab
577 1006 676 1070 initio.
726 1006 836 1092 lpsum
861 1008 973 1068 invoco
998 1019 1124 1079 testem,
1140 1028 1227 1092 quern

280 1110 373 1174 velim
396 1109 491 1171 nolim
518 1108 687 1171 habiturus
710 1131 781 1170 sum
802 1106 958 1190 judicem,
974 1107 1054 1193 quia
1079 1109 1229 1171 exanimi

279 1215 339 1276 mci
364 1211 564 1288 conscientia,
579 1224 613 1274 tu
638 1232 695 1272 nec
717 1223 806 1272 actor
830 1209 928 1294 hujus
945 1209 1035 1273 verbi
1061 1209 1230 1290 fuisti,nec

279 1325 476 1398 procurator,
490 1315 586 1375 immo
603 1334 658 1373 nec
675 1310 828 1391 eoqscius,
843 1323 875 1373 et
892 1323 927 1373 ut
943 1310 1106 1375 vocationi
1121 1311 1230 1374 divine

281 1414 423 1478 securius
449 1412 644 1498 adquiescas,
670 1413 736 1474 siue
767 1409 1026 1496 archiepiscopus
1057 1435 1118 1497 pro
1143 1415 1231 1477 verbo

281 1516 341 1578 boe
365 1516 495 1578 domino
517 1515 586 1600 regi
609 1514 780 1598 scripserit,
802 1514 867 1576 sine
890 1536 952 1576 uon
979 1514 1157 1598 scripserit,
1176 1517 1232 1579 seio

283 1619 360 1703 quia
382 1617 434 1680 ille
458 1618 577 1682 litteras
599 1617 697 1702 hujus
720 1639 781 1679 nou
805 1617 952 1700 suscepit.
999 1617 1232 1682 sollicitabatur

285 1720 414 1805 quidem
433 1741 489 1805 pro
505 1719 571 1782 filio
588 1718 761 1802 Hardingi,
777 1721 833 1802 qui
850 1718 970 1780 utinam
988 1717 1038 1781 vir
1054 1720 1233 1805 episcopalis

283 1835 374 1896 esset,
398 1823 452 1885 sed
481 1845 537 1884 nce
566 1825 692 1885 Simone
717 1819 907 1905 impellente,
932 1842 989 1883 nec
1012 1820 1233 1885 inducentibus

287 1925 421 1988 Giezitis
437 1924 540 2008 potuit
557 1922 711 2001 inclinari,
728 1936 763 1987 ut
780 1922 810 1984 in
835 1922 938 1985 alieno
961 1924 1156 2007 compendio
1178 1923 1233 1987 dis·

284 2027 435 2109 pendium
460 2026 576 2089 faceret
603 2030 716 2089 enimse
741 2048 817 2087 suae.
863 2025 915 2086 Sic
939 2024 1114 2111 repulsam·
1131 2049 1233 2111 passus

285 2139 332 2190 est
348 2125 432 2191 filius
450 2125 608 2209 Hardingi
623 2128 718 2190 modo
732 2126 859 2212 quidem
874 2126 1011 2190 dicendo
1022 2129 1232 2214 potiusquam

284 2227 469 2300 scribend03
511 2230 554 2291 ita
582 2243 687 2292 tamen
715 2244 750 2291 ut
780 2228 910 2291 alterius
936 2229 965 2291 ei
996 2229 1144 2293 beneficii
1170 2253 1234 2314 spes

284 2333 517 2414 relinqueretur
547 2332 725 2410 incolumis,
751 2331 818 2410 sed,
843 2335 908 2395 sive
939 2346 974 2394 tu
1008 2332 1149 2416 epuleris
1175 2334 1232 2395 sire

286 2453 358 2508 non,
382 2435 527 2496 moriaris
553 2447 609 2497 sut
633 2437 730 2512 viras,
753 2433 805 2495 ille
828 2456 1004 2517 numquam
1031 2456 1109 2518 rege
1135 2449 1235 2497 nostro

285 2547 414 2596 auctore
444 2536 501 2599 erit
529 2537 704 2620 episcopus.
755 2535 912 2609 Profecto,
939 2548 975 2598 ut
1003 2536 1161 2616 ereditur,
1185 2534 1233 2598 sed

286 2655 343 2696 nee
360 2632 511 2712 Domino,
527 2638 604 2724 quia
620 2661 742 2724 semper
760 2639 846 2700 nisus
864 2650 911 2700 est
926 2651 1039 2700 eontra
1056 2638 1235 2712 Dominum,

287 2747 318 2797 et
336 2759 394 2819 pro
410 2738 529 2803 viribus
546 2740 620 2817 suis,
637 2758 692 2805 ant
708 2761 850 2812 suorum,
861 2761 971 2803 omnes
988 2739 1133 2802 turbavit
1148 2738 1237 2803 eccle-

288 2838 360 2902 sias.
400 2842 568 2906 Consuluit
583 2868 630 2906 me
642 2843 792 2927 magister
806 2840 863 2903 W.
876 2840 997 2904 archid.
1014 2864 1075 2926 per
1087 2845 1235 2905 Bosonem

290 2939 407 3005 socium
426 2968 531 3024 suum,
545 2962 577 3009 et
599 2944 796 3030 dispositioni
820 2942 949 3022 divinae,
963 2941 1121 3008 adhibitis
1143 2942 1236 3017 strciis,

288 3042 370 3125 quos
386 3047 514 3127 poterit,
531 3046 659 3110 sedulus
674 3046 865 3131 adquiescet.
902 3045 953 3107 Sic
968 3057 1000 3107 et
1020 3044 1063 3108 R.
1079 3045 1121 3109 de
1137 3044 1237 3107 Lime-

290 3145 387 3219 sbeia,
404 3169 476 3208 sane
499 3152 525 3211 si
547 3147 729 3210 electionem
755 3162 854 3222 tuam,
871 3146 958 3232 quod
983 3159 1091 3210 tomen
1115 3161 1238 3210 auctore

291 3244 429 3306 Domino
453 3268 512 3307 non
541 3262 703 3332 poterunt,
727 3248 836 3332 aliquo
857 3246 952 3309 modo
979 3261 1111 3331 possent
1138 3244 1237 3316 muli

290 3342 455 3427 impedire,
472 3346 547 3407 nilril
571 3372 679 3411 eorum
704 3370 778 3433 quse
801 3346 918 3421 volent,
934 3347 1087 3425 lacerent,
1101 3347 1156 3410 sed
1174 3348 1238 3431 jum

291 3446 436 3528 provisus
451 3463 497 3511 est
522 3450 575 3534 qui
592 3450 757 3512 cervicosis
773 3449 999 3534 imponeretur,
1015 3462 1047 3511 et
1071 3472 1148 3534 quae
1163 3450 1239 3510 serre

292 3568 353 3608 nou
371 3565 505 3633 possent.
553 3553 691 3615 Verbum
708 3566 814 3615 autem
827 3550 924 3636 ¹quod
941 3549 981 3612 de
996 3564 1028 3613 te
1045 3568 1168 3613 motum
1184 3564 1239 3621 est,

292 3649 429 3713 eeclesia.¹
463 3651 628 3728 Romanae,
651 3654 779 3715 domino
810 3653 888 3734 regi,
911 3651 1168 3734 metropolitano,
1193 3674 1243 3713 eo·

293 3754 459 3838 episcopis,
475 3755 528 3817 sed
545 3771 576 3819 et
591 3756 739 3820 omnibus
754 3755 812 3840 qui
835 3752 915 3816 illud
934 3751 1119 3833 audierunt,
1133 3751 1243 3838 placet,

293 3854 433 3942 exceptis
444 3856 492 3920 his
505 3882 585 3941 quos
596 3873 652 3921 aut
662 3857 805 3931 arrrbitio,
816 3870 871 3918 aut
884 3855 1027 3929 amenis,
1040 3869 1097 3918 aut
1108 3855 1242 3917 immun·

294 3957 387 4034 dicia,
410 3968 466 4020 atil
491 3958 620 4037 insidia,
642 3959 824 4021 exeaecavit.
869 3954 962 4032 Quod
988 3955 1013 4017 si
1039 3956 1124 4017 forte
1149 3977 1242 4041 appa·

294 4062 415 4128 ruerint
439 4062 470 4122 in
487 4078 655 4145 conspectu
680 4061 846 4133 bonorum,
864 4061 895 4121 in
911 4080 967 4120 sua
991 4055 1113 4120 malitia
1135 4056 1242 4141 persis-

295 4176 407 4238 tentes,
422 4163 595 4225 eonfmulet
612 4186 664 4224 eos
690 4167 787 4235 ileos,
804 4185 842 4222 ne
858 4164 925 4245 ipse
940 4157 1148 4242 dispositione
1162 4159 1240 4219 frus-

295 4278 379 4325 truta
394 4263 609 4326 confundatur
631 4265 671 4324 ab
694 4265 747 4326 eis.
796 4264 947 4326 Siluorum
972 4261 1117 4345 quidem,
1132 4275 1162 4323 et
1183 4258 1242 4321 dis·

296 4364 513 4426 simulaturum
538 4365 691 4447 gerildium
710 4388 827 4439 riuum,
843 4366 919 4448 quia
935 4376 977 4436 te,
995 4365 1019 4425 si
1038 4362 1106 4424 lieri
1131 4372 1243 4446 posset,
