<?xml version="1.0" encoding="UTF-8"?>
<!DOCTYPE html PUBLIC "-//W3C//DTD XHTML 1.0 Transitional//EN"
    "http://www.w3.org/TR/xhtml1/DTD/xhtml1-transitional.dtd">
<html xmlns="http://www.w3.org/1999/xhtml" xml:lang="en" lang="en">
 <head>
  <title>
</title>
<meta http-equiv="Content-Type" content="text/html;charset=utf-8" />
  <meta name='ocr-system' content='tesseract 3.04.00' />
  <meta name='ocr-capabilities' content='ocr_page ocr_carea ocr_par ocr_line ocrx_word'/>
</head>
<body>
  <div class='ocr_page' id='page_1' title='image "./joannissaresber16johngoog_0180.png"; bbox 0 0 3034 5500; ppageno 0'>
   <div class='ocr_carea' id='block_1_1' title="bbox 418 748 1362 828">
    <p class='ocr_par' dir='ltr' id='par_1_1' title="bbox 418 748 1362 828">
     <span class='ocr_line' id='line_1_1' title="bbox 418 748 1362 828; baseline 0.008 -23"><span class='ocrx_word' id='word_1_1' title='bbox 418 748 477 806; x_wconf 73' lang='lat'><strong>1⁶8</strong></span> <span class='ocrx_word' id='word_1_2' title='bbox 675 762 813 808; x_wconf 70' lang='lat' dir='ltr'><strong>tornius</strong></span> <span class='ocrx_word' id='word_1_3' title='bbox 827 760 1105 810; x_wconf 77' lang='lat' dir='ltr'><strong>sanesnsnrnnsrs</strong></span> <span class='ocrx_word' id='word_1_4' title='bbox 1278 749 1320 828; x_wconf 80' lang='lat' dir='ltr'><strong>[s.</strong></span> <span class='ocrx_word' id='word_1_5' title='bbox 1336 770 1362 813; x_wconf 89' lang='lat' dir='ltr'><strong>n.</strong></span> 
     </span>
    </p>
   </div>
   <div class='ocr_carea' id='block_1_2' title="bbox 465 961 1314 1143">
    <p class='ocr_par' dir='ltr' id='par_1_2' title="bbox 465 961 1314 1143">
     <span class='ocr_line' id='line_1_2' title="bbox 465 961 1314 1029; baseline 0.007 -6"><span class='ocrx_word' id='word_1_6' title='bbox 465 961 685 1026; x_wconf 77' lang='lat' dir='ltr'><strong>EPISTOLA</strong></span> <span class='ocrx_word' id='word_1_7' title='bbox 711 962 928 1026; x_wconf 69' lang='lat' dir='ltr'><strong>cviii-ru</strong></span> <span class='ocrx_word' id='word_1_8' title='bbox 942 982 1176 1028; x_wconf 71' lang='lat' dir='ltr'><strong>rnnxrnnnurr</strong></span> <span class='ocrx_word' id='word_1_9' title='bbox 1194 984 1314 1029; x_wconf 72' lang='lat' dir='ltr'><strong>versu.</strong></span> 
     </span>
     <span class='ocr_line' id='line_1_3' title="bbox 779 1061 999 1143; baseline 0.014 -21"><span class='ocrx_word' id='word_1_10' title='bbox 779 1061 822 1140; x_wconf 75' lang='lat' dir='ltr'><strong>[n.</strong></span> <span class='ocrx_word' id='word_1_11' title='bbox 841 1079 871 1122; x_wconf 90' lang='lat' dir='ltr'><strong>n.</strong></span> <span class='ocrx_word' id='word_1_12' title='bbox 892 1063 999 1143; x_wconf 76' lang='lat' dir='ltr'><strong>nna]</strong></span> 
     </span>
    </p>
   </div>
   <div class='ocr_carea' id='block_1_3' title="bbox 656 1209 1128 1292">
    <p class='ocr_par' dir='ltr' id='par_1_3' title="bbox 656 1209 1128 1292">
     <span class='ocr_line' id='line_1_4' title="bbox 656 1209 1128 1292; baseline 0.004 -18"><span class='ocrx_word' id='word_1_13' title='bbox 656 1212 800 1274; x_wconf 84' lang='lat' dir='ltr'><strong>Domino</strong></span> <span class='ocrx_word' id='word_1_14' title='bbox 814 1209 915 1292; x_wconf 78' lang='lat' dir='ltr'><strong>Papae</strong></span> <span class='ocrx_word' id='word_1_15' title='bbox 933 1211 1128 1276; x_wconf 59' lang='lat' dir='ltr'><strong>Antandro.</strong></span> 
     </span>
    </p>
   </div>
   <div class='ocr_carea' id='block_1_4' title="bbox 398 1343 1414 3345">
    <p class='ocr_par' dir='ltr' id='par_1_4' title="bbox 398 1343 1414 3345">
     <span class='ocr_line' id='line_1_5' title="bbox 451 1343 1362 1431; baseline 0.01 -26"><span class='ocrx_word' id='word_1_16' title='bbox 451 1344 585 1407; x_wconf 73' lang='lat' dir='ltr'><strong>Possem</strong></span> <span class='ocrx_word' id='word_1_17' title='bbox 607 1343 792 1408; x_wconf 85' lang='lat' dir='ltr'><strong>temeritatis</strong></span> <span class='ocrx_word' id='word_1_18' title='bbox 814 1356 846 1407; x_wconf 90' lang='lat' dir='ltr'><strong>et</strong></span> <span class='ocrx_word' id='word_1_19' title='bbox 866 1344 1057 1428; x_wconf 77' lang='lat' dir='ltr'><strong>arrogantiae</strong></span> <span class='ocrx_word' id='word_1_20' title='bbox 1077 1347 1187 1429; x_wconf 85' lang='lat' dir='ltr'><strong>argui,</strong></span> <span class='ocrx_word' id='word_1_21' title='bbox 1203 1346 1261 1431; x_wconf 91' lang='lat' dir='ltr'><strong>qui</strong></span> <span class='ocrx_word' id='word_1_22' title='bbox 1282 1371 1362 1413; x_wconf 82' lang='lat' dir='ltr'><strong>aures</strong></span> 
     </span>
     <span class='ocr_line' id='line_1_6' title="bbox 410 1443 1362 1529; baseline 0.012 -27"><span class='ocrx_word' id='word_1_23' title='bbox 410 1456 531 1507; x_wconf 89' lang='lat' dir='ltr'><strong>vestras</strong></span> <span class='ocrx_word' id='word_1_24' title='bbox 545 1447 661 1508; x_wconf 88' lang='lat' dir='ltr'><strong>totiens</strong></span> <span class='ocrx_word' id='word_1_25' title='bbox 677 1443 803 1529; x_wconf 87' lang='lat' dir='ltr'><strong>pulsare</strong></span> <span class='ocrx_word' id='word_1_26' title='bbox 818 1465 990 1527; x_wconf 64' lang='lat' dir='ltr'><strong>praesumo,</strong></span> <span class='ocrx_word' id='word_1_27' title='bbox 1003 1443 1027 1506; x_wconf 90' lang='lat' dir='ltr'><strong>si</strong></span> <span class='ocrx_word' id='word_1_28' title='bbox 1045 1443 1255 1510; x_wconf 81' lang='lat' dir='ltr'><strong>timiditatem</strong></span> <span class='ocrx_word' id='word_1_29' title='bbox 1272 1470 1362 1514; x_wconf 82' lang='lat' dir='ltr'><strong>meam</strong></span> 
     </span>
     <span class='ocr_line' id='line_1_7' title="bbox 409 1544 1365 1629; baseline 0.006 -22"><span class='ocrx_word' id='word_1_30' title='bbox 409 1544 509 1627; x_wconf 85' lang='lat' dir='ltr'><strong>patris</strong></span> <span class='ocrx_word' id='word_1_31' title='bbox 530 1544 710 1629; x_wconf 84' lang='lat' dir='ltr'>benignitas</span> <span class='ocrx_word' id='word_1_32' title='bbox 730 1567 792 1608; x_wconf 93' lang='lat' dir='ltr'><strong>non</strong></span> <span class='ocrx_word' id='word_1_33' title='bbox 816 1544 982 1620; x_wconf 85' lang='lat' dir='ltr'><strong>excitaret,</strong></span> <span class='ocrx_word' id='word_1_34' title='bbox 998 1558 1031 1609; x_wconf 90' lang='lat' dir='ltr'><strong>et</strong></span> <span class='ocrx_word' id='word_1_35' title='bbox 1052 1568 1168 1609; x_wconf 85' lang='lat' dir='ltr'><strong>ausum</strong></span> <span class='ocrx_word' id='word_1_36' title='bbox 1192 1569 1255 1611; x_wconf 92' lang='lat' dir='ltr'><strong>non</strong></span> <span class='ocrx_word' id='word_1_37' title='bbox 1277 1572 1365 1614; x_wconf 90' lang='lat' dir='ltr'><strong>excu-</strong></span> 
     </span>
     <span class='ocr_line' id='line_1_8' title="bbox 408 1644 1414 1735; baseline 0.006 -27"><span class='ocrx_word' id='word_1_38' title='bbox 408 1659 492 1710; x_wconf 85' lang='lat' dir='ltr'><strong>saret</strong></span> <span class='ocrx_word' id='word_1_39' title='bbox 526 1646 675 1709; x_wconf 78' lang='lat' dir='ltr'><strong>iraternae</strong></span> <span class='ocrx_word' id='word_1_40' title='bbox 708 1645 849 1708; x_wconf 86' lang='lat' dir='ltr'><strong>caritatis</strong></span> <span class='ocrx_word' id='word_1_41' title='bbox 888 1644 1038 1710; x_wconf 89' lang='lat' dir='ltr'><strong>officium.</strong></span> <span class='ocrx_word' id='word_1_42' title='bbox 1095 1646 1260 1713; x_wconf 89' lang='lat' dir='ltr'><strong>Suadente</strong></span> <span class='ocrx_word' id='word_1_43' title='bbox 1294 1673 1363 1735; x_wconf 83' lang='lat' dir='ltr'><strong>ergo</strong></span> <span class='ocrx_word' id='word_1_44' title='bbox 1410 1660 1414 1669; x_wconf 95' lang='lat'>&#39;</span> 
     </span>
     <span class='ocr_line' id='line_1_9' title="bbox 407 1745 1363 1834; baseline 0.005 -23"><span class='ocrx_word' id='word_1_45' title='bbox 407 1748 535 1832; x_wconf 87' lang='lat' dir='ltr'><strong>pietatis</strong></span> <span class='ocrx_word' id='word_1_46' title='bbox 551 1761 663 1812; x_wconf 82' lang='lat' dir='ltr'><strong>vestrae</strong></span> <span class='ocrx_word' id='word_1_47' title='bbox 678 1745 857 1824; x_wconf 83' lang='lat' dir='ltr'>dulcedine,</span> <span class='ocrx_word' id='word_1_48' title='bbox 872 1758 904 1809; x_wconf 90' lang='lat' dir='ltr'><strong>et</strong></span> <span class='ocrx_word' id='word_1_49' title='bbox 924 1760 1058 1830; x_wconf 85' lang='lat' dir='ltr'><strong>urgente</strong></span> <span class='ocrx_word' id='word_1_50' title='bbox 1074 1753 1231 1834; x_wconf 86' lang='lat' dir='ltr'><strong>pauperis</strong></span> <span class='ocrx_word' id='word_1_51' title='bbox 1248 1748 1363 1817; x_wconf 88' lang='lat' dir='ltr'><strong>honesti</strong></span> 
     </span>
     <span class='ocr_line' id='line_1_10' title="bbox 407 1846 1363 1934; baseline 0.007 -23"><span class='ocrx_word' id='word_1_52' title='bbox 407 1862 440 1913; x_wconf 84' lang='lat' dir='ltr'><strong>et</strong></span> <span class='ocrx_word' id='word_1_53' title='bbox 454 1847 587 1912; x_wconf 85' lang='lat' dir='ltr'><strong>litterati</strong></span> <span class='ocrx_word' id='word_1_54' title='bbox 606 1847 804 1920; x_wconf 84' lang='lat' dir='ltr'><strong>necessitate,</strong></span> <span class='ocrx_word' id='word_1_55' title='bbox 820 1846 994 1931; x_wconf 82' lang='lat' dir='ltr'><strong>majestatis</strong></span> <span class='ocrx_word' id='word_1_56' title='bbox 1010 1860 1124 1910; x_wconf 80' lang='lat' dir='ltr'><strong>vestrae</strong></span> <span class='ocrx_word' id='word_1_57' title='bbox 1149 1849 1287 1934; x_wconf 90' lang='lat' dir='ltr'><strong>pedibus</strong></span> <span class='ocrx_word' id='word_1_58' title='bbox 1302 1866 1363 1918; x_wconf 92' lang='lat' dir='ltr'><strong>toto</strong></span> 
     </span>
     <span class='ocr_line' id='line_1_11' title="bbox 405 1947 1362 2039; baseline 0.008 -28"><span class='ocrx_word' id='word_1_59' title='bbox 405 1950 512 2013; x_wconf 86' lang='lat' dir='ltr'><strong>animo</strong></span> <span class='ocrx_word' id='word_1_60' title='bbox 528 1948 727 2033; x_wconf 81' lang='lat' dir='ltr'><strong>provolutus,</strong></span> <span class='ocrx_word' id='word_1_61' title='bbox 744 1970 824 2032; x_wconf 85' lang='lat' dir='ltr'><strong>quas</strong></span> <span class='ocrx_word' id='word_1_62' title='bbox 844 1948 917 2012; x_wconf 88' lang='lat' dir='ltr'><strong>licet</strong></span> <span class='ocrx_word' id='word_1_63' title='bbox 932 1947 1108 2013; x_wconf 86' lang='lat' dir='ltr'><strong>clementioe</strong></span> <span class='ocrx_word' id='word_1_64' title='bbox 1128 1965 1246 2016; x_wconf 75' lang='lat' dir='ltr'><strong>vestrae</strong></span> <span class='ocrx_word' id='word_1_65' title='bbox 1261 1975 1362 2039; x_wconf 83' lang='lat' dir='ltr'><strong>preces</strong></span> 
     </span>
     <span class='ocr_line' id='line_1_12' title="bbox 405 2049 1362 2141; baseline 0.007 -27"><span class='ocrx_word' id='word_1_66' title='bbox 405 2050 515 2126; x_wconf 86' lang='lat' dir='ltr'><strong>offero,</strong></span> <span class='ocrx_word' id='word_1_67' title='bbox 531 2050 683 2135; x_wconf 84' lang='lat' dir='ltr'><strong>quatinus</strong></span> <span class='ocrx_word' id='word_1_68' title='bbox 698 2049 808 2113; x_wconf 86' lang='lat' dir='ltr'><strong>latoris</strong></span> <span class='ocrx_word' id='word_1_69' title='bbox 823 2049 1027 2135; x_wconf 72' lang='lat' dir='ltr'><strong>praesentium</strong></span> <span class='ocrx_word' id='word_1_70' title='bbox 1046 2073 1215 2136; x_wconf 86' lang='lat' dir='ltr'><strong>personam</strong></span> <span class='ocrx_word' id='word_1_71' title='bbox 1233 2055 1362 2141; x_wconf 82' lang='lat' dir='ltr'><strong>benigue</strong></span> 
     </span>
     <span class='ocr_line' id='line_1_13' title="bbox 404 2151 1360 2237; baseline 0.006 -21"><span class='ocrx_word' id='word_1_72' title='bbox 404 2151 564 2237; x_wconf 86' lang='lat' dir='ltr'><strong>recipiatis</strong></span> <span class='ocrx_word' id='word_1_73' title='bbox 585 2164 617 2214; x_wconf 89' lang='lat' dir='ltr'><strong>et</strong></span> <span class='ocrx_word' id='word_1_74' title='bbox 639 2172 779 2227; x_wconf 84' lang='lat' dir='ltr'><strong>causam,</strong></span> <span class='ocrx_word' id='word_1_75' title='bbox 805 2164 837 2215; x_wconf 92' lang='lat' dir='ltr'><strong>et</strong></span> <span class='ocrx_word' id='word_1_76' title='bbox 855 2155 885 2215; x_wconf 93' lang='lat' dir='ltr'><strong>ei</strong></span> <span class='ocrx_word' id='word_1_77' title='bbox 909 2152 1058 2215; x_wconf 88' lang='lat' dir='ltr'><strong>solatium</strong></span> <span class='ocrx_word' id='word_1_78' title='bbox 1081 2153 1158 2217; x_wconf 85' lang='lat' dir='ltr'><strong>vitoe</strong></span> <span class='ocrx_word' id='word_1_79' title='bbox 1175 2155 1360 2221; x_wconf 85' lang='lat' dir='ltr'><strong>Senonensis</strong></span> 
     </span>
     <span class='ocr_line' id='line_1_14' title="bbox 403 2249 1361 2336; baseline 0.007 -22"><span class='ocrx_word' id='word_1_80' title='bbox 403 2251 631 2336; x_wconf 90' lang='lat' dir='ltr'><strong>archiepiscopi</strong></span> <span class='ocrx_word' id='word_1_81' title='bbox 642 2249 791 2313; x_wconf 90' lang='lat' dir='ltr'><strong>violentia</strong></span> <span class='ocrx_word' id='word_1_82' title='bbox 806 2272 868 2314; x_wconf 91' lang='lat' dir='ltr'><strong>uon</strong></span> <span class='ocrx_word' id='word_1_83' title='bbox 894 2252 1086 2335; x_wconf 86' lang='lat' dir='ltr'><strong>permittatis</strong></span> <span class='ocrx_word' id='word_1_84' title='bbox 1101 2254 1235 2321; x_wconf 85' lang='lat' dir='ltr'><strong>auferri.</strong></span> <span class='ocrx_word' id='word_1_85' title='bbox 1280 2256 1361 2334; x_wconf 82' lang='lat' dir='ltr'><strong>Quid</strong></span> 
     </span>
     <span class='ocr_line' id='line_1_15' title="bbox 399 2349 1360 2444; baseline 0.007 -29"><span class='ocrx_word' id='word_1_86' title='bbox 399 2349 557 2437; x_wconf 85' lang='lat' dir='ltr'><strong>justitiam</strong></span> <span class='ocrx_word' id='word_1_87' title='bbox 589 2352 658 2435; x_wconf 89' lang='lat' dir='ltr'><strong>ejus</strong></span> <span class='ocrx_word' id='word_1_88' title='bbox 691 2349 857 2435; x_wconf 83' lang='lat' dir='ltr'><strong>impediat,</strong></span> <span class='ocrx_word' id='word_1_89' title='bbox 885 2351 956 2437; x_wconf 93' lang='lat' dir='ltr'><strong>ipso</strong></span> <span class='ocrx_word' id='word_1_90' title='bbox 988 2351 1159 2432; x_wconf 83' lang='lat' dir='ltr'><strong>referente,</strong></span> <span class='ocrx_word' id='word_1_91' title='bbox 1191 2355 1218 2418; x_wconf 90' lang='lat' dir='ltr'><strong>si</strong></span> <span class='ocrx_word' id='word_1_92' title='bbox 1249 2356 1360 2444; x_wconf 80' lang='lat' dir='ltr'><strong>placet,</strong></span> 
     </span>
     <span class='ocr_line' id='line_1_16' title="bbox 402 2452 1362 2537; baseline 0.006 -21"><span class='ocrx_word' id='word_1_93' title='bbox 402 2452 552 2516; x_wconf 89' lang='lat' dir='ltr'><strong>audietis.</strong></span> <span class='ocrx_word' id='word_1_94' title='bbox 598 2452 758 2516; x_wconf 66' lang='lat' dir='ltr'><strong>Praeterea</strong></span> <span class='ocrx_word' id='word_1_95' title='bbox 778 2465 956 2537; x_wconf 68' lang='lat' dir='ltr'><strong>praecentor</strong></span> <span class='ocrx_word' id='word_1_96' title='bbox 976 2453 1179 2529; x_wconf 78' lang='lat' dir='ltr'><strong>senonensis,</strong></span> <span class='ocrx_word' id='word_1_97' title='bbox 1199 2470 1232 2519; x_wconf 88' lang='lat' dir='ltr'><strong>et</strong></span> <span class='ocrx_word' id='word_1_98' title='bbox 1257 2457 1362 2521; x_wconf 85' lang='lat' dir='ltr'><strong>hones-</strong></span> 
     </span>
     <span class='ocr_line' id='line_1_17' title="bbox 403 2551 1361 2644; baseline 0.002 -24"><span class='ocrx_word' id='word_1_99' title='bbox 403 2568 470 2620; x_wconf 87' lang='lat' dir='ltr'><strong>tate</strong></span> <span class='ocrx_word' id='word_1_100' title='bbox 489 2576 625 2633; x_wconf 90' lang='lat' dir='ltr'><strong>morum,</strong></span> <span class='ocrx_word' id='word_1_101' title='bbox 640 2568 672 2618; x_wconf 90' lang='lat' dir='ltr'><strong>et</strong></span> <span class='ocrx_word' id='word_1_102' title='bbox 685 2555 865 2618; x_wconf 88' lang='lat' dir='ltr'><strong>litterarum</strong></span> <span class='ocrx_word' id='word_1_103' title='bbox 889 2551 1079 2634; x_wconf 86' lang='lat' dir='ltr'><strong>eruditione,</strong></span> <span class='ocrx_word' id='word_1_104' title='bbox 1094 2568 1125 2619; x_wconf 89' lang='lat' dir='ltr'><strong>et</strong></span> <span class='ocrx_word' id='word_1_105' title='bbox 1142 2556 1286 2641; x_wconf 87' lang='lat' dir='ltr'><strong>speciali,</strong></span> <span class='ocrx_word' id='word_1_106' title='bbox 1301 2581 1361 2644; x_wconf 86' lang='lat' dir='ltr'><strong>qua</strong></span> 
     </span>
     <span class='ocr_line' id='line_1_18' title="bbox 402 2654 1360 2741; baseline 0.004 -21"><span class='ocrx_word' id='word_1_107' title='bbox 402 2670 506 2721; x_wconf 89' lang='lat' dir='ltr'><strong>vester</strong></span> <span class='ocrx_word' id='word_1_108' title='bbox 525 2669 573 2720; x_wconf 85' lang='lat' dir='ltr'><strong>est</strong></span> <span class='ocrx_word' id='word_1_109' title='bbox 593 2654 773 2731; x_wconf 91' lang='lat' dir='ltr'><strong>devotione,</strong></span> <span class='ocrx_word' id='word_1_110' title='bbox 788 2655 821 2717; x_wconf 90' lang='lat' dir='ltr'><strong>in</strong></span> <span class='ocrx_word' id='word_1_111' title='bbox 845 2666 1001 2739; x_wconf 88' lang='lat' dir='ltr'><strong>quantum</strong></span> <span class='ocrx_word' id='word_1_112' title='bbox 1018 2655 1156 2740; x_wconf 83' lang='lat' dir='ltr'><strong>aequitas</strong></span> <span class='ocrx_word' id='word_1_113' title='bbox 1171 2658 1360 2741; x_wconf 83' lang='lat' dir='ltr'><strong>permiserit,</strong></span> 
     </span>
     <span class='ocr_line' id='line_1_19' title="bbox 399 2756 1359 2847; baseline 0.001 -23"><span class='ocrx_word' id='word_1_114' title='bbox 399 2758 519 2846; x_wconf 87' lang='lat' dir='ltr'><strong>dignus</strong></span> <span class='ocrx_word' id='word_1_115' title='bbox 540 2769 586 2822; x_wconf 87' lang='lat' dir='ltr'><strong>est</strong></span> <span class='ocrx_word' id='word_1_116' title='bbox 605 2756 760 2822; x_wconf 84' lang='lat' dir='ltr'><strong>exaudiri.</strong></span> <span class='ocrx_word' id='word_1_117' title='bbox 799 2757 895 2821; x_wconf 90' lang='lat' dir='ltr'><strong>Nunc</strong></span> <span class='ocrx_word' id='word_1_118' title='bbox 915 2757 955 2820; x_wconf 92' lang='lat' dir='ltr'><strong>ad</strong></span> <span class='ocrx_word' id='word_1_119' title='bbox 977 2779 1027 2819; x_wconf 89' lang='lat' dir='ltr'><strong>me</strong></span> <span class='ocrx_word' id='word_1_120' title='bbox 1047 2757 1153 2821; x_wconf 89' lang='lat' dir='ltr'><strong>redeo.</strong></span> <span class='ocrx_word' id='word_1_121' title='bbox 1200 2760 1359 2847; x_wconf 82' lang='lat' dir='ltr'><strong>Episcopo</strong></span> 
     </span>
     <span class='ocr_line' id='line_1_20' title="bbox 401 2858 1359 2948; baseline 0 -23"><span class='ocrx_word' id='word_1_122' title='bbox 401 2859 602 2934; x_wconf 74' lang='lat' dir='ltr'><strong>lexoviensi,</strong></span> <span class='ocrx_word' id='word_1_123' title='bbox 612 2881 711 2944; x_wconf 90' lang='lat' dir='ltr'><strong>quum</strong></span> <span class='ocrx_word' id='word_1_124' title='bbox 722 2858 918 2922; x_wconf 69' lang='lat' dir='ltr'><strong>excellentie</strong></span> <span class='ocrx_word' id='word_1_125' title='bbox 930 2870 1044 2921; x_wconf 83' lang='lat' dir='ltr'><strong>vestrae</strong></span> <span class='ocrx_word' id='word_1_126' title='bbox 1055 2858 1161 2921; x_wconf 92' lang='lat' dir='ltr'><strong>visum</strong></span> <span class='ocrx_word' id='word_1_127' title='bbox 1172 2859 1283 2939; x_wconf 81' lang='lat' dir='ltr'><strong>fuerit,</strong></span> <span class='ocrx_word' id='word_1_128' title='bbox 1292 2885 1359 2948; x_wconf 82' lang='lat' dir='ltr'><strong>gra·</strong></span> 
     </span>
     <span class='ocr_line' id='line_1_21' title="bbox 400 2957 1357 3046; baseline 0 -22"><span class='ocrx_word' id='word_1_129' title='bbox 400 2961 477 3024; x_wconf 87' lang='lat' dir='ltr'><strong>tiam</strong></span> <span class='ocrx_word' id='word_1_130' title='bbox 494 2960 684 3046; x_wconf 88' lang='lat' dir='ltr'><strong>rependetis,</strong></span> <span class='ocrx_word' id='word_1_131' title='bbox 699 2981 759 3045; x_wconf 92' lang='lat' dir='ltr'><strong>pro</strong></span> <span class='ocrx_word' id='word_1_132' title='bbox 775 2982 812 3022; x_wconf 92' lang='lat' dir='ltr'><strong>eo</strong></span> <span class='ocrx_word' id='word_1_133' title='bbox 832 2957 920 3043; x_wconf 90' lang='lat' dir='ltr'><strong>quod</strong></span> <span class='ocrx_word' id='word_1_134' title='bbox 936 2958 967 3020; x_wconf 92' lang='lat' dir='ltr'><strong>iu</strong></span> <span class='ocrx_word' id='word_1_135' title='bbox 990 2980 1040 3021; x_wconf 89' lang='lat' dir='ltr'><strong>me</strong></span> <span class='ocrx_word' id='word_1_136' title='bbox 1055 2980 1185 3022; x_wconf 88' lang='lat' dir='ltr'><strong>servum</strong></span> <span class='ocrx_word' id='word_1_137' title='bbox 1207 2975 1357 3037; x_wconf 84' lang='lat' dir='ltr'><strong>vestrum,</strong></span> 
     </span>
     <span class='ocr_line' id='line_1_22' title="bbox 400 3058 1357 3148; baseline 0.002 -24"><span class='ocrx_word' id='word_1_138' title='bbox 400 3061 587 3124; x_wconf 87' lang='lat' dir='ltr'><strong>serenissimi</strong></span> <span class='ocrx_word' id='word_1_139' title='bbox 617 3058 738 3122; x_wconf 89' lang='lat' dir='ltr'><strong>domini</strong></span> <span class='ocrx_word' id='word_1_140' title='bbox 769 3059 853 3143; x_wconf 87' lang='lat' dir='ltr'><strong>regis</strong></span> <span class='ocrx_word' id='word_1_141' title='bbox 884 3071 1004 3123; x_wconf 87' lang='lat' dir='ltr'><strong>tantam</strong></span> <span class='ocrx_word' id='word_1_142' title='bbox 1034 3061 1186 3124; x_wconf 87' lang='lat' dir='ltr'><strong>conflavit</strong></span> <span class='ocrx_word' id='word_1_143' title='bbox 1214 3061 1357 3148; x_wconf 79' lang='lat' dir='ltr'><strong>indigna·</strong></span> 
     </span>
     <span class='ocr_line' id='line_1_23' title="bbox 401 3159 1357 3246; baseline 0.002 -21"><span class='ocrx_word' id='word_1_144' title='bbox 401 3165 530 3238; x_wconf 87' lang='lat' dir='ltr'><strong>tionem,</strong></span> <span class='ocrx_word' id='word_1_145' title='bbox 540 3172 576 3223; x_wconf 88' lang='lat' dir='ltr'><strong>ut</strong></span> <span class='ocrx_word' id='word_1_146' title='bbox 586 3159 702 3222; x_wconf 87' lang='lat' dir='ltr'><strong>morari</strong></span> <span class='ocrx_word' id='word_1_147' title='bbox 712 3161 744 3223; x_wconf 94' lang='lat' dir='ltr'><strong>in</strong></span> <span class='ocrx_word' id='word_1_148' title='bbox 755 3159 872 3246; x_wconf 84' lang='lat' dir='ltr'><strong>Anglia</strong></span> <span class='ocrx_word' id='word_1_149' title='bbox 881 3160 959 3224; x_wconf 90' lang='lat' dir='ltr'><strong>mihi</strong></span> <span class='ocrx_word' id='word_1_150' title='bbox 970 3173 1075 3225; x_wconf 86' lang='lat' dir='ltr'><strong>tutum</strong></span> <span class='ocrx_word' id='word_1_151' title='bbox 1089 3183 1151 3224; x_wconf 92' lang='lat' dir='ltr'><strong>non</strong></span> <span class='ocrx_word' id='word_1_152' title='bbox 1165 3160 1219 3239; x_wconf 91' lang='lat' dir='ltr'><strong>sit,</strong></span> <span class='ocrx_word' id='word_1_153' title='bbox 1230 3177 1264 3228; x_wconf 90' lang='lat' dir='ltr'><strong>et</strong></span> <span class='ocrx_word' id='word_1_154' title='bbox 1275 3165 1357 3228; x_wconf 87' lang='lat' dir='ltr'><strong>exire</strong></span> 
     </span>
     <span class='ocr_line' id='line_1_24' title="bbox 398 3258 1355 3345; baseline 0.001 -20"><span class='ocrx_word' id='word_1_155' title='bbox 398 3273 454 3325; x_wconf 85' lang='lat' dir='ltr'><strong>aut</strong></span> <span class='ocrx_word' id='word_1_156' title='bbox 479 3258 672 3345; x_wconf 88' lang='lat' dir='ltr'><strong>impossibile</strong></span> <span class='ocrx_word' id='word_1_157' title='bbox 700 3259 753 3336; x_wconf 89' lang='lat' dir='ltr'><strong>sit,</strong></span> <span class='ocrx_word' id='word_1_158' title='bbox 777 3273 833 3324; x_wconf 89' lang='lat' dir='ltr'><strong>ant</strong></span> <span class='ocrx_word' id='word_1_159' title='bbox 860 3258 1093 3323; x_wconf 87' lang='lat' dir='ltr'><strong>difficillimum.</strong></span> <span class='ocrx_word' id='word_1_160' title='bbox 1138 3265 1239 3327; x_wconf 86' lang='lat' dir='ltr'><strong>Senes</strong></span> <span class='ocrx_word' id='word_1_161' title='bbox 1260 3264 1355 3328; x_wconf 81' lang='lat' dir='ltr'><strong>nostri</strong></span> 
     </span>
    </p>
   </div>
   <div class='ocr_carea' id='block_1_5' title="bbox 296 3358 1354 3445">
    <p class='ocr_par' dir='ltr' id='par_1_5' title="bbox 296 3358 1354 3445">
     <span class='ocr_line' id='line_1_25' title="bbox 296 3358 1354 3445; baseline 0.003 -20"><span class='ocrx_word' id='word_1_162' title='bbox 296 3361 302 3372; x_wconf 84' lang='grc'><strong>“</strong></span> <span class='ocrx_word' id='word_1_163' title='bbox 396 3360 569 3425; x_wconf 88' lang='lat' dir='ltr'><strong>incolumes</strong></span> <span class='ocrx_word' id='word_1_164' title='bbox 588 3371 662 3424; x_wconf 86' lang='lat' dir='ltr'><strong>sunt</strong></span> <span class='ocrx_word' id='word_1_165' title='bbox 685 3363 726 3424; x_wconf 88' lang='lat' dir='ltr'><strong>ab</strong></span> <span class='ocrx_word' id='word_1_166' title='bbox 746 3359 863 3424; x_wconf 85' lang='lat' dir='ltr'><strong>abbate</strong></span> <span class='ocrx_word' id='word_1_167' title='bbox 887 3358 1095 3445; x_wconf 86' lang='lat' dir='ltr'><strong>Radingensi,</strong></span> <span class='ocrx_word' id='word_1_168' title='bbox 1111 3360 1185 3426; x_wconf 90' lang='lat' dir='ltr'><strong>licet</strong></span> <span class='ocrx_word' id='word_1_169' title='bbox 1208 3386 1266 3426; x_wconf 88' lang='lat' dir='ltr'><strong>vos</strong></span> <span class='ocrx_word' id='word_1_170' title='bbox 1284 3386 1354 3428; x_wconf 89' lang='lat' dir='ltr'><strong>eum</strong></span> 
     </span>
    </p>
   </div>
   <div class='ocr_carea' id='block_1_6' title="bbox 390 3461 1354 3850">
    <p class='ocr_par' dir='ltr' id='par_1_6' title="bbox 390 3461 1354 3850">
     <span class='ocr_line' id='line_1_26' title="bbox 397 3461 1353 3548; baseline 0 -20"><span class='ocrx_word' id='word_1_171' title='bbox 397 3461 524 3528; x_wconf 83' lang='lat' dir='ltr'><strong>Thoma</strong></span> <span class='ocrx_word' id='word_1_172' title='bbox 547 3484 606 3526; x_wconf 92' lang='lat' dir='ltr'><strong>suo</strong></span> <span class='ocrx_word' id='word_1_173' title='bbox 631 3461 884 3526; x_wconf 82' lang='lat' dir='ltr'><strong>circumvenerit.</strong></span> <span class='ocrx_word' id='word_1_174' title='bbox 929 3461 979 3526; x_wconf 85' lang='lat' dir='ltr'><strong>Ad</strong></span> <span class='ocrx_word' id='word_1_175' title='bbox 1003 3485 1085 3548; x_wconf 91' lang='lat' dir='ltr'><strong>opus</strong></span> <span class='ocrx_word' id='word_1_176' title='bbox 1108 3463 1150 3529; x_wconf 82' lang='lat' dir='ltr'><strong>R.</strong></span> <span class='ocrx_word' id='word_1_177' title='bbox 1174 3464 1276 3529; x_wconf 84' lang='lat' dir='ltr'><strong>nostri</strong></span> <span class='ocrx_word' id='word_1_178' title='bbox 1303 3468 1353 3530; x_wconf 84' lang='lat' dir='ltr'><strong>vix</strong></span> 
     </span>
     <span class='ocr_line' id='line_1_27' title="bbox 395 3562 1354 3649; baseline 0.003 -22"><span class='ocrx_word' id='word_1_179' title='bbox 395 3562 519 3649; x_wconf 91' lang='lat' dir='ltr'><strong>aliquid</strong></span> <span class='ocrx_word' id='word_1_180' title='bbox 541 3562 813 3648; x_wconf 86' lang='lat' dir='ltr'><strong>extorquebimus.</strong></span> <span class='ocrx_word' id='word_1_181' title='bbox 852 3562 1008 3627; x_wconf 91' lang='lat' dir='ltr'><strong>Osbertus</strong></span> <span class='ocrx_word' id='word_1_182' title='bbox 1028 3562 1239 3630; x_wconf 84' lang='lat' dir='ltr'><strong>Eboracensis</strong></span> <span class='ocrx_word' id='word_1_183' title='bbox 1257 3566 1354 3630; x_wconf 87' lang='lat' dir='ltr'><strong>archi·</strong></span> 
     </span>
     <span class='ocr_line' id='line_1_28' title="bbox 394 3661 1351 3750; baseline 0.002 -23"><span class='ocrx_word' id='word_1_184' title='bbox 394 3662 547 3727; x_wconf 81' lang='lat' dir='ltr'><strong>diaconus</strong></span> <span class='ocrx_word' id='word_1_185' title='bbox 565 3662 599 3726; x_wconf 91' lang='lat' dir='ltr'><strong>in</strong></span> <span class='ocrx_word' id='word_1_186' title='bbox 621 3662 811 3747; x_wconf 85' lang='lat' dir='ltr'><strong>purgatione</strong></span> <span class='ocrx_word' id='word_1_187' title='bbox 833 3661 960 3726; x_wconf 83' lang='lat' dir='ltr'><strong>defecit.</strong></span> <span class='ocrx_word' id='word_1_188' title='bbox 991 3663 1146 3750; x_wconf 82' lang='lat' dir='ltr'><strong>Quisquis</strong></span> <span class='ocrx_word' id='word_1_189' title='bbox 1168 3665 1259 3729; x_wconf 90' lang='lat' dir='ltr'><strong>vobis</strong></span> <span class='ocrx_word' id='word_1_190' title='bbox 1281 3687 1351 3750; x_wconf 79' lang='lat' dir='ltr'><strong>sug·</strong></span> 
     </span>
     <span class='ocr_line' id='line_1_29' title="bbox 390 3760 874 3850; baseline -0.012 -20"><span class='ocrx_word' id='word_1_191' title='bbox 390 3764 522 3850; x_wconf 83' lang='lat' dir='ltr'><strong>gesserit</strong></span> <span class='ocrx_word' id='word_1_192' title='bbox 539 3763 631 3828; x_wconf 86' lang='lat' dir='ltr'><strong>aliter</strong></span> <span class='ocrx_word' id='word_1_193' title='bbox 645 3785 707 3826; x_wconf 93' lang='lat' dir='ltr'><strong>non</strong></span> <span class='ocrx_word' id='word_1_194' title='bbox 724 3760 874 3827; x_wconf 88' lang='lat' dir='ltr'><strong>credatis.</strong></span> 
     </span>
    </p>
   </div>
   <div class='ocr_carea' id='block_1_7' title="bbox 564 3978 1184 4197">
    <p class='ocr_par' dir='ltr' id='par_1_7' title="bbox 564 3978 1184 4197">
     <span class='ocr_line' id='line_1_30' title="bbox 564 3978 1184 4045; baseline -0.003 -1"><span class='ocrx_word' id='word_1_195' title='bbox 564 3978 803 4044; x_wconf 84' lang='lat' dir='ltr'>EPISTOLA</span> <span class='ocrx_word' id='word_1_196' title='bbox 828 3979 1014 4044; x_wconf 69' lang='lat' dir='ltr'><strong>CIX-sn</strong></span> <span class='ocrx_word' id='word_1_197' title='bbox 1031 4000 1184 4045; x_wconf 71' lang='lat' dir='ltr'><strong>Eunoen.</strong></span> 
     </span>
     <span class='ocr_line' id='line_1_31' title="bbox 636 4116 1102 4197; baseline -0.002 -19"><span class='ocrx_word' id='word_1_198' title='bbox 636 4116 776 4179; x_wconf 85' lang='lat' dir='ltr'><strong>Domino</strong></span> <span class='ocrx_word' id='word_1_199' title='bbox 790 4117 892 4197; x_wconf 75' lang='lat' dir='ltr'><strong>Paper</strong></span> <span class='ocrx_word' id='word_1_200' title='bbox 908 4116 1102 4178; x_wconf 75' lang='lat' dir='ltr'><strong>Menandro.</strong></span> 
     </span>
    </p>
   </div>
   <div class='ocr_carea' id='block_1_8' title="bbox 390 4244 1342 4433">
    <p class='ocr_par' dir='ltr' id='par_1_8' title="bbox 390 4244 1342 4433">
     <span class='ocr_line' id='line_1_32' title="bbox 435 4244 1342 4322; baseline -0.008 -7"><span class='ocrx_word' id='word_1_201' title='bbox 435 4254 595 4314; x_wconf 79' lang='lat' dir='ltr'><strong>Annnms</strong></span> <span class='ocrx_word' id='word_1_202' title='bbox 616 4249 748 4311; x_wconf 89' lang='lat' dir='ltr'><strong>clericus</strong></span> <span class='ocrx_word' id='word_1_203' title='bbox 772 4246 813 4310; x_wconf 92' lang='lat' dir='ltr'><strong>de</strong></span> <span class='ocrx_word' id='word_1_204' title='bbox 836 4246 992 4322; x_wconf 82' lang='lat' dir='ltr'><strong>Lenlram,</strong></span> <span class='ocrx_word' id='word_1_205' title='bbox 1009 4245 1171 4311; x_wconf 90' lang='lat' dir='ltr'><strong>ecclesiam</strong></span> <span class='ocrx_word' id='word_1_206' title='bbox 1193 4268 1284 4312; x_wconf 87' lang='lat' dir='ltr'><strong>suam</strong></span> <span class='ocrx_word' id='word_1_207' title='bbox 1305 4244 1342 4309; x_wconf 82' lang='lat' dir='ltr'><strong>de</strong></span> 
     </span>
     <span class='ocr_line' id='line_1_33' title="bbox 390 4347 1338 4433; baseline -0.005 -18"><span class='ocrx_word' id='word_1_208' title='bbox 390 4351 531 4416; x_wconf 89' lang='lat' dir='ltr'><strong>Lenham</strong></span> <span class='ocrx_word' id='word_1_209' title='bbox 547 4347 740 4433; x_wconf 82' lang='lat' dir='ltr'><strong>quibusdam</strong></span> <span class='ocrx_word' id='word_1_210' title='bbox 763 4347 1026 4412; x_wconf 85' lang='lat' dir='ltr'><strong>decimationibus</strong></span> <span class='ocrx_word' id='word_1_211' title='bbox 1045 4347 1164 4432; x_wconf 90' lang='lat' dir='ltr'><strong>injuste</strong></span> <span class='ocrx_word' id='word_1_212' title='bbox 1179 4347 1338 4433; x_wconf 87' lang='lat' dir='ltr'><strong>spoliatam</strong></span> 
     </span>
    </p>
   </div>
   <div class='ocr_carea' id='block_1_9' title="bbox 0 0 1522 5500">
    <p class='ocr_par' dir='ltr' id='par_1_9' title="bbox 0 0 1522 5500">
     <span class='ocr_line' id='line_1_34' title="bbox 0 0 1522 5500; baseline 0 6"><span class='ocrx_word' id='word_1_213' title='bbox 0 0 1522 5500; x_wconf 95' lang='lat' dir='ltr'><strong> </strong></span> 
     </span>
    </p>
   </div>
  </div>
 </body>
</html>
