3034 5500
155 765 355 845 troo-ot]
560 779 740 828 EPISTOLAE·
1053 760 1111 819 183

172 1051 398 1117 EPISTOLA
421 1048 705 1114 CXXXll.—rn
719 1068 948 1113 scamnorum
967 1067 1084 1111 elenu.

398 1209 536 1271 Domino
551 1210 652 1289 Papo
669 1208 862 1270 Ale-candro.
961 1250 965 1257 -

192 1347 390 1409 Eccnnsuu
402 1343 445 1406 de
463 1341 731 1426 wacheringeriis
746 1339 905 1405 Ricardus
925 1339 964 1402 de
982 1339 1103 1424 Ambly

149 1446 278 1514 nomine
302 1444 530 1509 monachorum
554 1441 780 1530 quorumdam,
805 1440 845 1504 de
871 1463 1009 1527 quorum
1030 1442 1104 1526 jure

149 1573 217 1614 esse
239 1546 450 1634 dignoscitur,
471 1546 583 1611 asserit
608 1544 842 1632 repossidere:
874 1566 942 1607 eam
972 1541 1104 1627 quidam

150 1651 234 1718 Red.
250 1649 339 1737 apud
359 1646 615 1713 Lundonicnaem
633 1648 818 1734 episcopum
837 1669 856 1709 a
876 1645 1018 1731 praefatis
1038 1667 1104 1707 mo-

150 1752 260 1817 nachis
274 1751 406 1837 petivit,
417 1749 558 1816 Ricardo
571 1749 612 1814 de
625 1748 743 1835 Ambly
754 1772 810 1812 nee
825 1760 993 1834 praesente,
1003 1768 1105 1832 neque

148 1857 257 1920 citato.
304 1853 518 1917 Veruntamen
532 1852 714 1938 episcopus,
729 1851 811 1916 sieut
827 1851 876 1916 sui
898 1848 1104 1936 postmodum

147 1955 239 2020 nobis
273 1953 378 2019 nuntii
409 1967 676 2030 monstraverunt,
705 1954 900 2018 confessione
929 1950 1103 2016 adversari·

146 2081 251 2139 orum,
265 2071 298 2122 et
324 2056 518 2144 quibusdam
536 2070 641 2122 motus
661 2056 890 2133 instrumentis,
913 2055 1101 2142 jamdictam

146 2159 322 2239 eeclesiam,
338 2157 517 2223 volentibus
533 2162 579 2223 ita
593 2158 698 2224 forsan
714 2160 885 2233 monacbis,
904 2157 985 2224 Rad.
1009 2156 1101 2242 adju·

147 2262 278 2339 dicamt,
301 2260 448 2347 quamvis
469 2261 535 2326 duo
557 2261 662 2325 clerici
689 2261 815 2325 Ricardi
838 2262 878 2325 de
906 2259 1022 2344 Ambly
1044 2260 1102 2324 ad·

145 2378 260 2444 essent,
276 2385 414 2451 quorum
429 2363 510 2427 alter
526 2387 558 2428 se
572 2376 730 2447 gestorem
746 2368 948 2449 negotiorum
971 2361 1101 2426 Ricardi

146 2465 358 2532 asseverabat.
417 2466 522 2530 Ambo
559 2489 634 2529 vero
672 2466 801 2553 publice
841 2466 1102 2552 protestabantur

149 2566 326 2635 Ricardum
352 2566 514 2631 absentem
542 2580 573 2632 et
600 2589 660 2629 non
681 2570 815 2632 citatum
836 2568 964 2631 minime
987 2567 1102 2631 debere

148 2668 373 2736 condemnari:
405 2690 425 2730 a
447 2668 601 2730 sententia
623 2667 722 2752 igitur
736 2667 857 2731 domini
875 2665 1104 2729 Londoniensis

148 2771 187 2836 ad
211 2784 355 2837 nostram
376 2770 572 2837 audientiam
598 2770 811 2856 appellarunt.
859 2770 919 2833 Die
943 2768 1102 2855 praefinito

148 2884 397 2958 comparuerunt
426 2870 581 2937 Ricardus
602 2885 634 2936 et
657 2870 739 2936 Rad.
763 2893 836 2934 cum
859 2868 1020 2933 monacbis
1042 2869 1102 2933 sibi

149 2972 340 3038 laventibus.
386 2974 494 3051 Quum
510 2995 587 3059 ergo
601 2996 697 3038 causa
717 2972 774 3037 diu
796 2972 1014 3046 ventilaretur,
1030 2993 1102 3056 pro·

149 3074 225 3140 tulit
239 3086 432 3140 memoratus
447 3072 529 3140 Rad.
544 3074 611 3138 duo
627 3076 839 3138 instrumenta
852 3096 926 3159 quae
945 3072 1030 3159 apud
1048 3095 1104 3137 noa

151 3176 286 3239 fecimus
312 3174 457 3253 detineri,
484 3175 634 3260 quoniam
661 3175 797 3240 alterum
823 3178 902 3241 vitio
929 3174 1103 3239 manifestae

148 3274 359 3362 turpitudinis
374 3277 544 3363 praeditum
559 3291 618 3353 est,
629 3278 766 3343 alterum
781 3278 931 3343 falsitatis
945 3277 1103 3363 arguitur.

148 3379 366 3444 Nihilominus
380 3392 573 3444 memoratus
588 3380 671 3445 Rad.
687 3381 850 3466 repetebat
865 3381 1026 3447 ecclesiam
1042 3379 1101 3444 sibi

147 3481 373 3566 adjudicatam.
421 3484 521 3546 Porro
536 3482 612 3566 quia
629 3483 712 3568 prior
733 3483 959 3548 monachorum
980 3483 1101 3561 aberat,

147 3584 203 3668 qui
223 3583 266 3646 de
287 3606 382 3647 causa
403 3606 460 3647 nos
479 3582 665 3667 diligentius
686 3588 842 3649 instruere
865 3599 1001 3669 poterat,
1024 3587 1101 3670 quia

146 3685 242 3748 etiam
258 3683 299 3747 de
313 3685 598 3748 instrumentorum
620 3685 753 3749 veritate
773 3685 897 3769 plenius
915 3709 1103 3772 cognoscere

149 3786 343 3862 volebamus,
359 3809 454 3851 causa
469 3788 502 3850 in
518 3788 613 3851 alium
630 3787 712 3852 diem
732 3788 909 3852 differenda
924 3788 1100 3853 videbatur.

148 3888 254 3973 igitur
277 3888 470 3974 saepedictus
493 3892 532 3953 R.
556 3912 682 3953 causam
705 3890 926 3976 appellationis
948 3892 1102 3976 suspendi

148 4010 209 4053 non
233 3989 350 4054 debere
372 3988 523 4075 allegans,
544 3989 585 4053 ad
606 3991 787 4075 apostolicae
808 3991 891 4056 sedis
907 3992 1101 4058 audientiam

148 4092 331 4177 appellavit,
359 4092 445 4157 diem
475 4092 641 4178 prefigens
670 4093 879 4171 Dominicam,
907 4119 973 4180 qua
997 4110 1103 4160 canta

150 4191 246 4275 bitur,
265 4197 392 4260 Laetore
407 4196 600 4260 Jerusalem.
