3034 5500
149 765 348 846 lucu-61]
530 782 709 829 nursronn.
1060 768 1100 825 67

142 954 198 1019 pro
213 955 250 999 ee
266 933 482 1019 juraverunt?
520 932 685 1020 Numquid
707 932 778 997 haec
800 932 907 997 omnia
928 930 1098 1019 preelectus

142 1035 231 1117 vidit,
246 1034 334 1113 exul,
350 1045 385 1100 et
407 1034 459 1100 cui
483 1036 597 1101 urbem
617 1035 735 1100 intrare
755 1057 818 1100 nou
840 1034 941 1100 licet?
980 1034 1045 1099 Sed
1064 1045 1098 1098 et

142 1138 221 1225 ipse,
237 1153 276 1204 ut
290 1138 466 1224 vulgariter
487 1137 549 1202 dici
572 1137 662 1220 solet,
678 1137 847 1203 Octauiani
870 1159 969 1223 nepos
989 1146 1048 1212 est,
1064 1146 1098 1199 et

143 1260 164 1303 e
177 1239 295 1319 vicino,
309 1250 347 1304 ut
366 1238 485 1303 rectius
505 1237 650 1313 dixerim,
674 1249 838 1322 cognatus,
853 1249 963 1323 utpote
985 1236 1098 1301 sororis

145 1340 239 1405 filius.
287 1339 354 1405 Sed
368 1339 423 1404 alii
438 1339 523 1404 cives
537 1340 607 1404 hec
626 1339 733 1405 omniu
748 1341 963 1426 inspexerunt,
978 1352 1014 1404 nt
1029 1349 1099 1404 tuto

142 1442 299 1528 jurarent.
345 1433 513 1530 Numquid
539 1443 580 1507 ad
603 1457 720 1507 terram
751 1442 850 1508 Siculi
874 1440 1099 1508 accesserunt?

147 1544 249 1610 Plane
269 1545 409 1611 fideliter
426 1545 598 1611 examinati
613 1557 688 1610 sunt
702 1557 809 1622 testes,
827 1545 881 1632 qui
897 1546 967 1610 haec
981 1547 1098 1625 omnia,

147 1659 307 1733 praesente
336 1648 392 1713 illo
421 1670 509 1713 sacro
538 1648 683 1724 concilio,
709 1649 907 1733 juraveruut.
966 1648 1030 1711 Sed
1060 1649 1100 1711 do

149 1748 307 1816 industrie
331 1750 452 1815 civibus
482 1750 612 1816 remisse
640 1763 690 1815 est
719 1751 889 1815 necessitas
913 1750 1100 1835 juramenti,

151 1851 305 1938 quoniam
330 1874 393 1917 non
416 1864 508 1918 erant
528 1853 639 1941 utique
657 1849 805 1938 juraturi.
852 1853 936 1917 Nam
958 1852 1016 1916 etsi
1036 1875 1099 1916 non

152 1950 366 2036 conscientie,
380 1966 412 2021 at
425 1955 521 2020 famae
540 1955 743 2041 dispendium
760 1956 845 2042 apud
869 1956 1013 2020 concives
1027 1977 1099 2020 suos

152 2055 316 2122 incurrere
331 2058 528 2124 verebantur.
554 2060 716 2124 Ceterum
730 2058 862 2124 surrioris
877 2058 973 2145 partis
989 2080 1102 2122 nume-

150 2160 262 2225 rositas
276 2182 340 2248 quo
360 2159 517 2226 defluxit?
556 2161 590 2226 Si
606 2161 785 2248 prudentiae
808 2173 842 2227 et
859 2161 993 2247 justitioe
1013 2161 1101 2225 inco·

151 2263 298 2329 lumitate
313 2263 473 2346 vigebant,
491 2286 555 2350 quo
570 2276 658 2330 motu
678 2276 875 2331 recesserunt
889 2288 908 2330 a
923 2265 1055 2329 veritate
1070 2275 1104 2327 et

150 2366 276 2452 justitia
289 2388 386 2454 quam
407 2365 587 2433 tenebant?
625 2369 720 2432 Anne
741 2367 877 2454 pecunia
891 2367 946 2431 ills
966 2366 1104 2452 corrupti

155 2481 240 2550 sunt,
254 2491 352 2557 quarn
369 2481 529 2535 senatores
550 2492 584 2534 se
603 2470 644 2534 ab
666 2470 842 2536 Octaviano
857 2469 1015 2556 accepisse
1030 2490 1106 2534 con·

156 2570 228 2638 lessi
243 2583 329 2650 runt,
344 2582 382 2637 ut
397 2573 545 2658 jurarent
565 2573 797 2659 promotionem
814 2572 907 2659 ejus?
928 2595 1002 2659 quae
1016 2594 1107 2658 repe·

156 2674 269 2740 rationi
283 2695 446 2740 murorum
462 2697 482 2740 a
496 2675 615 2763 populo
637 2676 765 2741 addicta
784 2688 842 2757 est,
858 2674 1106 2740 acclamantibus

155 2777 276 2861 multis,
288 2778 375 2865 quod
396 2800 458 2842 non
479 2777 555 2843 licet
575 2778 702 2843 mittere
723 2778 843 2842 eumin
861 2778 1054 2855 Corbonam,
1069 2797 1108 2839 eo

155 2879 242 2968 quod
267 2879 404 2967 pretium
427 2877 589 2963 sanguinis
611 2877 684 2942 est?
721 2877 773 2941 En
794 2876 850 2940 illo
871 2897 989 2958 magno
1010 2896 1108 2939 nervo

156 2983 214 3048 soli
243 2992 308 3048 tres
329 2992 560 3062 remanserunt,
585 2981 675 3066 digni
701 2978 832 3067 quidem
857 2975 1042 3056 cardinales,
1067 2977 1108 3040 de

156 3085 274 3173 quibus
285 3088 450 3150 Teutones
465 3084 498 3148 iu
514 3083 623 3148 castris
638 3084 758 3147 ferrent
774 3078 975 3146 sententiam.
1009 3078 1109 3143 Audi-

156 3187 202 3252 vit
216 3186 287 3250 hare
297 3185 406 3250 omnia
417 3184 596 3249 Willelmus
610 3182 774 3270 Papiensis
789 3180 957 3247 cardinalis
975 3180 1006 3244 S.
1022 3179 1110 3245 Petri

154 3288 195 3355 ad
209 3288 351 3366 vincula3
371 3298 529 3374 proesente
544 3285 679 3351 concilio
694 3306 757 3350 non
774 3284 912 3370 negavit.
952 3283 1017 3349 Sed
1031 3283 1110 3371 qnid

156 3413 214 3478 pro
239 3389 370 3454 Victore
400 3387 558 3454 asseruit?
588 3411 686 3475 quere
711 3388 858 3474 neglecta
881 3402 929 3453 est
952 3389 1112 3454 attestatio

158 3492 251 3579 ejus?
283 3492 533 3578 Interrogandus
547 3504 635 3557 erat:
658 3491 732 3557 satis
748 3491 834 3556 enim
849 3491 990 3556 habebat
1003 3491 1065 3555 oris
1080 3504 1114 3556 et

156 3595 305 3684 pectoris,
320 3606 355 3659 et
368 3606 509 3672 etatem,
525 3606 560 3659 ut
578 3616 635 3680 pro
649 3615 683 3659 se
698 3594 891 3679 loqueretur.
938 3592 1003 3656 Sed
1018 3592 1113 3677 plane

157 3699 370 3783 interrogatus
382 3719 445 3761 non
457 3710 516 3778 est,
528 3697 614 3783 quod
624 3696 728 3761 fuerat
738 3707 920 3780 negaturus,
933 3709 967 3759 et
977 3696 1114 3760 scienter

158 3800 323 3866 obmutuit
336 3799 370 3864 in
385 3799 537 3876 tumultu,
554 3800 609 3886 qui
624 3799 738 3864 furoris
752 3798 884 3863 videbat
898 3799 1065 3884 impetum,
1082 3811 1116 3863 et

160 3904 246 3991 quod
255 3903 327 3968 haec
336 3902 542 3989 presumptio
552 3901 585 3965 iu
597 3902 685 3966 nullo
697 3900 886 3987 praejudicat
895 3900 1117 3966 ecclesiasticoe

159 4007 311 4073 libertati.
358 4006 470 4071 Unum
498 4018 607 4070 tamen
633 4005 766 4070 edoctus
788 4025 858 4068 sum
886 4003 1011 4067 silentio
1036 4005 1116 4089 ejus,

161 4110 238 4197 quia
261 4108 318 4196 qui
341 4108 374 4172 iu
402 4119 492 4173 tanto
516 4107 699 4173 discrimine
729 4104 874 4171 ecelesia
904 4126 968 4168 non
994 4104 1121 4169 videtur

160 4213 202 4277 ad
226 4210 418 4298 martyrium
442 4233 623 4297 properare,
646 4211 672 4276 si
696 4207 834 4273 Victoris
855 4206 937 4272 adeo
958 4229 1034 4271 sana
1060 4205 1120 4268 luit

159 4314 287 4396 electio,
311 4333 412 4400 qnare
435 4310 613 4377 cardinales
635 4309 775 4397 episcopi
798 4320 833 4373 et
853 4328 964 4372 omnes
986 4306 1050 4379 alii,
1066 4326 1122 4368 ex·

160 4414 263 4501 ceptis
278 4413 329 4478 his
344 4413 458 4491 tribus,
474 4435 556 4501 quos
570 4424 606 4477 tu
627 4410 759 4498 quidem
781 4429 923 4488 noveras,
938 4406 994 4469 sed
1009 4404 1124 4470 amodo

597 4535 615 4576 r
628 4516 649 4575 2
