3034 5500
287 755 348 816 108
541 771 676 815 maurus
692 770 971 816 ssussauursssrs
1141 755 1183 835 [a
1201 775 1227 818 n.

551 1030 775 1096 EPISTOLA
801 1031 958 1094 LXXIX.

607 1173 727 1236 Forma
742 1172 909 1253 Eligenda'.

322 1311 376 1372 Ex
391 1307 544 1373 relatione
558 1307 675 1373 nobilis
690 1308 751 1370 viri
775 1306 907 1370 Ricardi
929 1309 1059 1373 comitis
1083 1307 1231 1374 Devouie

279 1423 311 1475 et
327 1411 420 1474 Alani
435 1408 476 1473 de
501 1407 674 1489 Furnellis,
688 1411 745 1493 qui
765 1430 799 1471 se
814 1407 1000 1474 interfuisse
1027 1424 1170 1474 asserunt
1185 1413 1230 1489 iis,

281 1536 354 1600 quae
378 1524 495 1576 sanctoe
520 1514 679 1576 memoriae
704 1512 745 1573 R.
765 1512 855 1595 prior
877 1523 980 1575 vester
1005 1533 1106 1596 agens
1129 1515 1162 1577 in
1182 1537 1232 1576 er-

282 1616 391 1679 tremis
420 1612 590 1698 disposuit,
615 1634 716 1698 nuper
741 1612 932 1698 accepimus,
960 1613 1049 1697 quod
1080 1614 1230 1698 prelatus

282 1716 402 1781 amicus
416 1717 548 1780 Domini
562 1714 775 1798 interrogatus
789 1736 808 1777 a
824 1714 914 1779 vobis
928 1737 1026 1801 quem
1043 1714 1193 1792 fratrum,
1207 1718 1230 1782 si

282 1819 351 1904 ipse
365 1819 449 1883 torte
473 1820 504 1882 in
528 1816 595 1882 lata
616 1815 812 1893 concederet,
827 1816 886 1881 sibi
909 1815 1044 1882 duceret
1059 1818 1230 1904 subrogan-

282 1918 510 1996 dum,fratrem
521 1917 695 1981 Ricardum
706 1940 746 1981 ex
756 1916 881 1981 nomine
889 1916 1230 2003 designavit,suadens,

278 2033 311 2084 et
339 2019 405 2104 pia,
429 2041 496 2104 qua
524 2017 680 2102 proeditus
704 2031 785 2095 erat,
811 2017 976 2096 modestia,
1001 2020 1065 2084 sub
1094 2020 1228 2105 imagine

280 2119 403 2184 consilii
427 2118 625 2204 praecipiens,
649 2131 684 2182 ut
710 2140 821 2182 omnes
847 2118 947 2203 ipsius
972 2119 1231 2207 obtemperaretis

281 2221 423 2286 arbitrio.
469 2219 714 2284 Observandum
744 2219 876 2304 quidem
906 2232 974 2284 erat
1004 2225 1107 2288 sancti
1137 2224 1231 2310 patris

282 2325 481 2404 mandatum,
501 2323 677 2409 praesertim
705 2322 786 2387 illud
813 2323 899 2409 quod
925 2324 1070 2390 dictabat
1094 2329 1231 2413 Spiritus

282 2432 353 2493 Deo
374 2425 500 2513 plenus,
521 2448 622 2511 quum
645 2426 686 2489 de
708 2424 811 2489 carnis
832 2427 996 2509 ergastulo
1017 2428 1171 2514 migraret
1192 2429 1230 2493 ad

282 2529 457 2595 Christum.
501 2529 596 2592 Nunc
609 2538 729 2607 autem,
744 2526 826 2593 sicut
842 2550 899 2592 nos
913 2530 955 2592 ab
969 2531 1230 2597 intermeantibus

280 2632 322 2697 de
343 2652 428 2695 noro
449 2629 605 2715 accepisse
626 2627 784 2704 dolemus,
800 2643 873 2714 post
894 2644 1029 2695 mortem
1052 2634 1153 2701 sancti
1175 2635 1230 2699 viri

281 2734 436 2823 expetivit
452 2757 507 2798 vos
527 2732 694 2811 sathanas,
710 2746 746 2796 ut
769 2755 826 2819 per
850 2733 982 2799 Petrum
1006 2734 1047 2799 de
1071 2737 1229 2812 Tantum,

281 2850 314 2902 et
332 2834 530 2900 Willelmum
545 2834 673 2900 fratrem
697 2835 778 2918 ejus,
794 2857 852 2899 vos
873 2835 906 2898 in
921 2835 1028 2900 cribro
1044 2837 1176 2906 ventilet
1193 2841 1231 2905 le·

283 2938 403 3015 vitatis,
419 2951 451 3003 et
471 2935 579 3023 ejectis
600 2934 806 3022 parietibuse
825 2937 964 3022 regione,
979 2960 1063 3016 eam,
1079 2964 1177 3027 quam
1200 2943 1230 3007 in

280 3039 371 3104 vobis
396 3052 524 3102 sanctus
548 3052 640 3125 pater
662 3036 865 3114 fundaverat,
889 3038 1014 3104 scindau
1040 3053 1074 3105 et
1100 3041 1231 3131 dissipet

283 3141 449 3204 unitatem.
485 3139 582 3204 Plane
598 3138 793 3225 quicumque
804 3140 864 3204 hoc
875 3139 1063 3219 moliuntur,
1075 3160 1229 3231 quantum

280 3243 313 3306 in
335 3240 411 3327 ipsis
432 3250 491 3317 est,
507 3240 673 3306 Christum
696 3243 909 3307 exterminant
931 3244 1103 3310 demedio
1125 3250 1231 3315 vestri.

283 3340 447 3427 Siquidem
470 3340 503 3404 in
530 3340 705 3405 sanctitatis
731 3355 764 3407 et
784 3344 921 3429 justitiae
946 3368 1026 3431 pace
1051 3347 1161 3414 sactus
1185 3363 1231 3416 est

279 3444 370 3508 locus
384 3442 465 3527 ejus,
481 3440 548 3505 siue
569 3463 635 3526 qua
657 3463 750 3505 nemo
772 3442 893 3508 videbit
917 3447 1106 3515 Dominum.
1153 3449 1231 3514 lude

279 3557 327 3609 est
354 3540 441 3629 quod
469 3540 666 3606 universitati
693 3554 807 3607 vestrae
833 3544 865 3608 in
892 3545 1012 3611 virtute
1042 3547 1232 3616 obedientiae

279 3645 494 3734 precipiendo
520 3644 719 3723 mandamus,
743 3657 903 3731 quatenus
928 3647 1019 3712 fratri
1047 3666 1231 3733 memorato,

279 3770 376 3836 quem
393 3747 484 3812 vobis
498 3760 590 3833 pater
604 3745 758 3811 decedens
773 3748 892 3832 praefici
908 3748 1024 3827 voluit,
1036 3750 1069 3814 iu
1084 3754 1231 3819 omuibus

281 3873 355 3937 quae
378 3847 418 3912 ad
445 3847 619 3912 Dominum
644 3858 717 3911 sunt
733 3846 870 3912 fideliter
892 3848 1060 3929 obediatis,
1076 3852 1179 3918 donec
1199 3854 1230 3917 iu

280 3949 410 4015 ecclesia
432 3950 617 4024 Exoniensi‚
638 3948 690 4011 cui
713 3948 828 4012 domus
850 3963 964 4016 vestroe
994 3952 1146 4018 custodia
1172 3953 1230 4019 du·

281 4050 356 4139 plici
368 4052 454 4136 jure,
465 4047 679 4135 spiritualium
695 4064 728 4113 et
743 4051 977 4137 temporalium,
993 4056 1164 4123 commissa
1173 4067 1229 4132 est,

279 4166 406 4219 auctore
433 4150 572 4216 Domino
600 4152 757 4237 possimus
786 4152 933 4217 ordinare
964 4168 1137 4240 pastorem,
1165 4161 1229 4223 siue

283 4257 375 4341 cujus
400 4251 586 4342 prejudicio
606 4252 731 4317 interim
754 4254 815 4318 boc
835 4256 1040 4343 praecipimus
1059 4258 1228 4325 observari.

282 4363 321 4425 In
337 4384 390 4424 eos
411 4368 517 4419 autem
533 4354 589 4438 qui
612 4355 737 4439 praefati
761 4358 875 4443 prioris
897 4358 1097 4443 dispositioni
1121 4362 1229 4427 adver·
