3034 5500
293 801 403 876 ssed]
682 793 862 861 urrerem.
1186 784 1249 866 '275

287 963 417 1029 exhibui
437 976 473 1029 et
497 964 663 1044 devotum,
682 987 775 1050 spero
798 965 884 1051 quod
907 965 985 1028 mihi
1009 965 1246 1054 compatiemini

286 1078 356 1130 tum
366 1064 424 1151 pro
435 1065 623 1130 sinceritate
634 1086 749 1146 ceusae,
761 1077 829 1130 turn
845 1088 902 1151 pro
913 1065 1080 1132 affcctione
1091 1090 1244 1153 personae.

289 1168 404 1255 Itaque
418 1168 606 1254 paternitati
618 1181 731 1233 vestrae
743 1170 895 1234 attentius
909 1171 1099 1236 commendo
1113 1172 1243 1237 fratrem

286 1292 407 1351 meum,
418 1271 475 1357 qui
490 1269 593 1354 tnagis
608 1271 648 1334 de
663 1269 769 1335 aliena
781 1270 954 1353 voluntate,
965 1295 1061 1359 quam
1077 1273 1243 1339 demerito

285 1386 346 1436 suo
358 1372 452 1437 bonis
467 1372 533 1436 suis
555 1372 746 1458 proscriptus
762 1385 819 1440 est.
867 1373 936 1437 Nec
951 1375 1037 1438 enim
1053 1375 1141 1440 robis
1156 1388 1243 1440 com²

285 1473 487 1554 mandarem,
502 1473 563 1537 nisi
578 1473 789 1560 quia'domini
812 1475 893 1558 regis
915 1497 1028 1559 pacem
1044 1476 1151 1554 habet,
1167 1477 1243 1541 licet

285 1573 416 1660 plenam
431 1575 566 1658 gratiam
579 1574 721 1637 nonduin
735 1573 869 1658 adeptus
881 1574 932 1653 sit,
943 1587 977 1637 et
990 1578 1066 1661 quia
1081 1576 1240 1640 redituum

286 1698 432 1740 meorum
448 1675 585 1739 inhibita
607 1687 656 1740 est
676 1675 802 1750 solutio,
818 1688 854 1739 ut
877 1687 940 1740 tres
955 1699 1076 1740 marcas
1097 1677 1138 1742 de
1161 1700 1242 1764 proe-

284 1777 368 1842 senti
383 1777 465 1841 sesto
478 1776 579 1841 sancti
601 1776 734 1840 Joannis
754 1797 817 1840 non
833 1775 970 1859 exigam,
987 1800 1098 1863 precor
1119 1790 1155 1843 ut
1177 1792 1241 1845 tres

284 1894 410 1942 marcas
424 1898 628 1964 quocumque
650 1877 781 1941 nomine
796 1877 969 1958 volueritis,
983 1878 1048 1942 sire
1064 1879 1097 1943 in
1112 1903 1239 1946 causam

285 1978 402 2058 mutui,
418 1979 484 2043 sire
504 1980 537 2042 in
557 1977 664 2061 aliam,
679 1978 721 2055 ei,
740 1979 767 2044 si
787 1979 902 2064 placet,
917 1980 1001 2044 tradi
1018 1981 1149 2059 faciatis,
1166 1985 1241 2070 quia

285 2081 346 2146 boc
359 2081 512 2167 imputari
527 2101 591 2144 non
617 2081 743 2165 poterit,
759 2080 785 2144 si
803 2081 922 2145 homini
945 2082 1107 2148 innocenti
1128 2096 1161 2149 et
1185 2087 1241 2151 ba*

285 2183 375 2247 beuti
389 2202 503 2269 paoem
519 2182 642 2247 domini
658 2183 741 2267 regis
755 2183 970 2251 subveniatur.

283 2442 504 2508 EPISTOLA
528 2443 800 2508 chxlv.-m
814 2462 970 2507 sorrentu
991 2442 1234 2511 rueravrnnsnni

528 2561 727 2606 nriscoron.
776 2544 820 2623 [n.
839 2565 871 2607 n.
890 2548 999 2619 lton]

578 2674 719 2737 Domino
732 2676 941 2738 Pietaoienei.

323 2801 377 2863 An
390 2802 539 2864 notitiam
555 2813 689 2863 vestram
704 2802 839 2864 arbitror
853 2802 1034 2882 pervenisse
1057 2804 1145 2883 quod
1166 2806 1234 2869 Gir.

280 2902 529 2967 archidiaconus
554 2902 742 2965 Parisiensis
771 2899 982 2965 amicissimus
1012 2902 1090 2965 mihi
1119 2913 1178 2978 est,
1204 2919 1236 2968 ct

279 3026 338 3068 suo
353 3015 385 3067 et
402 3025 533 3067 suorum
556 3003 667 3065 merito
681 3002 956 3076 familiarissimus,
971 3004 1026 3085 qui
1049 3024 1146 3066 unum
1170 3026 1234 3068 ser-

279 3106 417 3169 vientem
448 3125 541 3167 suum
572 3103 752 3166 dordunum
783 3105 922 3174 nomine,
951 3105 1030 3167 meis
1060 3104 1146 3186 apud
1177 3125 1234 3169 voe

278 3207 430 3290 precibus
446 3203 606 3268 desiderat
619 3217 652 3267 ct
662 3216 768 3286 sperat
784 3205 970 3287 promoveri.
1008 3203 1118 3268 Abbas
1130 3211 1233 3272 sancti

280 3307 453 3383 Maxentii,
475 3317 509 3369 ut
531 3306 653 3382 asserit,
672 3307 702 3367 ei
725 3307 896 3387 pecuniam
918 3306 1024 3381 debet,
1044 3319 1075 3369 et
1097 3328 1169 3370 cum
1192 3332 1231 3372 eo

279 3409 385 3471 minus
407 3408 510 3470 amice
533 3419 684 3482 versatur,
706 3420 741 3468 ut
764 3406 887 3469 diffidat
913 3406 953 3469 de
980 3408 1042 3468 fide
1068 3408 1232 3487 debitoris,

278 3510 341 3571 nisi
367 3520 474 3572 restra
497 3507 671 3589 paternitas
696 3530 768 3570 eum
799 3529 870 3571 essa
900 3508 1027 3571 fidelem
1057 3510 1154 3575 saciat
1182 3517 1231 3577 rei

278 3608 422 3671 inritum.
468 3608 584 3669 Precor
605 3625 679 3687 ergo
702 3608 853 3670 attentius
872 3622 908 3671 ut
926 3609 970 3671 ita
986 3610 1144 3693 justitiam
1167 3635 1231 3675 ser·

278 3708 392 3771 cientis
416 3705 639 3790 promoveatis,
664 3706 816 3788 quatinus
841 3709 1006 3790 praefatum
1034 3710 1231 3773 archidiaco-

276 3829 364 3885 num,
379 3808 472 3891 eujus
488 3808 757 3888 contemplatione
776 3808 835 3871 has
856 3830 967 3890 preces
989 3812 1123 3892 porrigo,
1141 3812 1231 3873 robis

277 3921 309 3969 et
328 3909 441 3970 vestris
464 3906 605 3969 reddatis
627 3907 815 3984 obnoxium,
831 3924 862 3970 et
884 3910 1022 3972 serviens
1044 3911 1122 3993 ejus,
1143 3912 1229 3993 quod

276 4008 337 4070 sibi
359 4008 504 4071 debitum
520 4028 590 4069 esse
604 4008 791 4084 constiterit,
808 4022 909 4072 restra
929 4010 1157 4074 interveniente
1180 4012 1227 4074 di-

237 4089 244 4101 ’
276 4108 416 4189 ligentia,
433 4109 461 4169 si
476 4108 630 4190 possibile
646 4119 706 4183 eat,
721 4109 790 4172 sine
812 4109 998 4172 difficultate
1016 4121 1232 4194 consequatur

275 4222 306 4270 ct
321 4230 423 4272 mora.
