3034 5500
282 729 396 809 llud]
691 742 871 788 narsaonn·
1176 732 1239 789 268

275 908 310 959 et
344 905 504 980 quantum
537 893 570 956 iu
605 895 676 977 ipso
711 907 770 972 est,
807 905 952 958 evertens
988 894 1233 978 dispositionem

278 995 427 1072 Domini,
438 1006 471 1057 et
486 993 713 1077 promissiones
722 993 860 1058 veritatis
876 1015 1044 1071 evacuans,
1053 995 1236 1059 Romanum

276 1094 450 1177 imperium
475 1093 605 1157 Christo
628 1095 827 1157 machinatur
851 1096 980 1158 auferre.
1033 1097 1134 1158 Instat
1159 1115 1235 1176 ergo

275 1205 314 1258 ut
328 1216 446 1258 nomen
459 1195 580 1258 Christi
596 1195 636 1258 de
650 1196 783 1278 imperio
795 1196 953 1260 deleatur:
972 1197 1030 1260 sed
1047 1208 1082 1258 ut
1096 1197 1235 1260 muneris

277 1297 326 1359 tui
346 1296 443 1360 docet
462 1296 641 1378 inscriptio,
660 1317 779 1358 nomeu
805 1297 923 1359 Christi
942 1297 1144 1377 singulariter
1163 1317 1233 1379 per·

278 1408 389 1460 munet
409 1397 442 1458 in
466 1406 631 1470 aeternum,
651 1407 684 1458 et
702 1397 924 1479 praesumentis
944 1397 1122 1479 imperium,
1141 1410 1174 1460 et
1194 1395 1234 1460 de

278 1498 363 1561 salso
386 1497 495 1578 gloriae
514 1496 644 1559 nomine
665 1496 828 1577 gloriantis
850 1497 1033 1559 exinanitus
1050 1507 1099 1561 est
1118 1499 1232 1571 honor,

278 1610 313 1660 et
341 1598 485 1680 profecto
513 1596 696 1660 humiliabit
725 1617 810 1673 eum,
840 1598 895 1679 qui
927 1610 975 1660 est
1003 1607 1077 1660 ante
1107 1601 1232 1662 saecula.

280 1700 366 1762 Haec
378 1701 486 1762 omnia
501 1711 533 1761 et
547 1700 650 1782 plura,
659 1721 731 1782 quae
746 1698 893 1760 brevitati
908 1697 1060 1760 insistens
1070 1707 1234 1781 praetereo,

279 1803 312 1863 in
343 1802 463 1865 annulo
492 1802 729 1883 contemplatus
759 1821 841 1876 sum,
869 1800 1037 1863 fraternam
1067 1799 1232 1863 caritatem

278 1922 460 1983 agnoscens
483 1902 517 1963 in
542 1923 685 1978 munere,
710 1912 742 1963 et
767 1899 809 1963 ad
835 1901 981 1962 virtutem
1007 1899 1174 1962 salubriter
1202 1915 1234 1964 et

280 2003 498 2087 multipliciter
520 2003 661 2067 eruditus
682 2024 725 2066 ex
745 2001 885 2065 muneris
908 2002 1070 2085 qualitate.
1115 2003 1232 2069 Nonne

277 2126 353 2186 ergo
370 2106 442 2169 talis
463 2105 550 2168 omni
569 2104 642 2188 jure
658 2118 691 2167 et
706 2105 820 2166 merito
836 2102 993 2166 amandus
1009 2115 1059 2167 est
1076 2113 1109 2167 et
1123 2105 1232 2166 colen-

279 2203 364 2267 dus?
399 2215 431 2267 et
454 2203 583 2295 quidem
606 2224 711 2267 amare
732 2225 859 2288 semper
876 2205 963 2283 licet,
985 2226 1047 2268 nec
1070 2204 1233 2288 prohiberi

278 2317 394 2390 potest,
420 2319 453 2369 et
479 2307 543 2369 hoc
572 2305 790 2370 indesinenter
816 2318 848 2369 et
876 2307 1034 2371 intensive
1060 2306 1178 2383 efficio,
1201 2316 1234 2369 et

279 2409 384 2472 habeo
406 2409 439 2470 in
463 2409 640 2492 preposite,
656 2419 690 2471 ut
706 2430 804 2490 quum
820 2409 956 2486 licuerit,
972 2408 1115 2473 debitum
1132 2408 1233 2471 amori

279 2509 399 2572 cultum
423 2519 583 2590 gratanter
604 2508 798 2593 impendam.
844 2509 975 2571 Interim
1000 2530 1073 2571 vero
1097 2518 1233 2590 quantas

280 2630 411 2693 possum
431 2610 546 2691 gratias
568 2630 641 2690 ag0,
655 2630 773 2690 rogans
794 2609 956 2686 attentius,
975 2618 1011 2670 ut
1029 2610 1231 2672 fraterculum

278 2723 421 2775 nostrum
436 2709 696 2775 commendatum
716 2709 871 2783 habeatis,
888 2708 987 2771 ethis
1005 2708 1060 2791 qui
1079 2728 1140 2771 nos
1155 2728 1231 2772 con·

279 2814 416 2896 tingunt,
433 2835 529 2896 quam
544 2813 670 2876 licuerit
685 2811 884 2893 diligeutiam
898 2809 1101 2893 impendatis.

306 3123 527 3187 EPISTOLA
549 3123 930 3185 CLXVlII.-nrcanno
945 3136 1072 3182 mcrnv.
1088 3135 1206 3181 sacar·

552 3242 705 3287 nmcouo.
733 3223 778 3302 [s.
793 3240 822 3283 n.
843 3221 952 3300 1166]

281 3386 441 3468 Magistro
450 3379 861 3447 RuimuudoPictavr'ensis
868 3378 1008 3441 ecclesia
1018 3377 1232 3442 Cancellurio.

324 3522 421 3583 Punn
436 3540 525 3581 meus
541 3540 560 3581 a
575 3515 664 3578 vobis
679 3513 818 3589 rediens,
829 3509 916 3575 unde
931 3511 1107 3575 sinceritati
1120 3523 1231 3575 vestrae

280 3622 463 3685 innumeras
483 3619 599 3699 gratias
619 3636 691 3696 ago,
706 3617 828 3678 litteras
844 3614 963 3691 retulit,
976 3614 1078 3677 multa
1096 3612 1183 3689 fidei,
1199 3623 1231 3675 et

280 3723 417 3786 caritatis
432 3719 554 3783 indicia
569 3718 781 3799 proelerentes.
828 3717 878 3777 Eo
894 3716 978 3779 enim
995 3714 1109 3796 spiritu
1120 3713 1231 3775 viden·

279 3834 330 3885 tur
350 3843 423 3885 esse
446 3830 624 3902 conceptae,
647 3828 684 3880 ut
706 3818 834 3898 singula
853 3817 949 3878 verba
970 3825 1003 3877 et
1024 3814 1089 3875 fere
1111 3812 1230 3892 singuli

277 3925 385 4008 apices
400 3923 502 4003 signis
517 3919 665 3984 fidelibus
686 3927 910 4002 protestentur,
927 3937 961 3978 se
976 3914 1019 3978 ad
1033 3913 1171 3977 amicum
1187 3912 1228 3976 de

278 4025 500 4098 sincerissimae
517 4020 697 4096 dilectionis
711 4019 808 4100 adipe
824 4017 1027 4101 processisse.
1073 4013 1138 4079 Sed
1154 4014 1231 4098 quia

278 4127 311 4188 in
334 4127 409 4204 illis,
426 4126 508 4188 sicut
527 4123 560 4185 in
581 4120 703 4184 domini
730 4120 794 4182 mei
818 4118 963 4202 episcopi
988 4118 1120 4199 scripto,
1141 4118 1231 4200 plura

281 4228 528 4290 continebantur
546 4222 654 4303 capita
670 4220 868 4300 negotiorum
891 4239 963 4302 quae
984 4215 1229 4280 sollicitudinem

282 4329 417 4393 amantis
433 4344 548 4404 augere
571 4330 735 4403 poterant:
760 4330 871 4403 utpote
888 4318 974 4400 quod
995 4319 1089 4401 plena
1111 4334 1230 4414 conraj
1272 4370 1284 4385 ,
