3034 5500
414 742 475 803 tta
671 754 808 799 ioannis
824 750 1102 797 sanasncnrnxsrs
1276 736 1319 816 [r.
1335 756 1359 801 a.

415 908 647 994 Increpationis
662 931 738 990 ergo
754 920 866 969 vestrae
882 905 1029 990 querelas
1044 904 1189 988 graviter
1204 905 1320 990 accepi,
1333 921 1359 970 et

411 1011 519 1074 eodem
537 1011 642 1074 animo
662 1033 728 1095 quo
748 1031 801 1071 eas
823 1030 971 1071 noveram
993 1030 1062 1071 esse
1083 1008 1296 1094 conscriptas,
1309 1010 1360 1073 uiri

408 1112 496 1196 quod
512 1113 543 1176 in
560 1113 665 1176 anima
680 1110 801 1196 puriori
814 1109 1015 1173 sinceriorem
1031 1130 1100 1172 esse
1115 1109 1215 1173 credo
1230 1111 1360 1174 caritatis

410 1211 569 1275 affectum.
616 1211 649 1274 Si
665 1210 747 1273 enim
764 1232 861 1294 super
883 1209 944 1285 bis,
962 1208 1010 1270 vel
1027 1209 1108 1271 vitio
1129 1212 1360 1294 arrogantiaeet

410 1312 652 1397 ingratitudinis
668 1312 830 1374 vobiscum
854 1309 1057 1386 contendero,
1075 1324 1279 1395 praeteream
1295 1336 1360 1397 qua

408 1413 583 1499 perspicuis
607 1426 638 1476 et
664 1412 828 1497 perpetuis
855 1411 1010 1475 virtutum
1044 1411 1149 1475 titulis
1176 1412 1359 1494 illustratur,

409 1517 582 1581 domestica
612 1514 798 1600 probatione
825 1513 1004 1576 convineor.
1062 1514 1182 1578 Gratia
1209 1516 1358 1599 siquidem

412 1618 542 1682 Domini
565 1631 597 1680 et
618 1629 734 1690 vestra,
751 1637 819 1676 sum
844 1613 997 1698 quiequid
1022 1636 1106 1685 sum,
1128 1615 1240 1700 siquid
1264 1630 1358 1679 tamen

411 1743 494 1798 sum,
515 1733 546 1784 et
569 1716 779 1781 institutionis
795 1726 906 1778 vestrae
929 1715 1082 1778 beneficio
1105 1738 1157 1779 me
1179 1739 1274 1801 spero
1287 1741 1360 1781 sem·

411 1845 468 1908 per
483 1822 630 1886 futurum
648 1819 818 1882 meliorem.

454 1921 648 2007 Scripseram
673 1920 804 2004 quidem
828 1918 917 1982 vobis
939 1917 980 1980 de
1003 1918 1148 1983 adventu
1172 1942 1256 1995 meo,
1278 1922 1359 2003 quod

410 2046 448 2086 ex
481 2023 632 2107 subjectis
662 2022 764 2083 causis
797 2021 865 2083 fore
901 2018 1109 2083 credideram.
1162 2023 1260 2095 Quod
1291 2047 1360 2086 vero

410 2123 596 2187 sententiam
620 2123 743 2185 mutari
764 2122 812 2185 vel
836 2121 958 2197 distuli,
982 2144 1044 2184 non
1069 2121 1181 2187 levitas
1206 2147 1286 2202 mea,
1308 2126 1359 2191 sed

409 2224 574 2288 consilium
606 2225 778 2287 amicornm
805 2248 944 2288 meorum
976 2225 1049 2289 fuit.
1094 2226 1193 2290 Unde
1220 2228 1281 2292 hoc
1308 2246 1360 2294 aut

409 2324 526 2389 nullam
539 2326 686 2400 arbitror,
697 2339 753 2389 aut
762 2326 863 2389 levern
875 2326 1121 2412 eulparn,qnum
1133 2342 1166 2392 et
1179 2329 1360 2396 Altissimus

407 2425 593 2490 sententiam
611 2440 725 2500 mutet,
736 2428 829 2512 cujus
845 2427 1010 2492 consilium
1026 2442 1133 2492 manet
1148 2429 1180 2492 in
1197 2443 1358 2496 aeternunr.

410 2528 481 2591 Non
511 2526 593 2589 enirn
625 2527 765 2590 fortunae
796 2527 925 2591 insidias
955 2527 1041 2590 solus
1072 2531 1164 2614 potui
1195 2531 1359 2611 declinare,

406 2650 509 2713 quum
525 2627 631 2689 omnia
652 2650 725 2712 quae
749 2627 809 2690 sub
831 2627 895 2689 sole
916 2642 1002 2702 sunt,
1019 2628 1151 2693 lubricae
1174 2636 1268 2696 sortis
1283 2657 1358 2698 rana

409 2741 575 2793 versentur
597 2728 628 2791 iu
652 2728 728 2791 alea.
780 2727 905 2792 Flnxus
927 2729 1042 2792 etenim
1067 2733 1233 2818 temporis,
1258 2751 1359 2800 motus

407 2854 523 2911 rerum,
538 2831 639 2916 caligo
663 2832 826 2909 mentium,
846 2831 956 2894 levitas
978 2833 1168 2909 animorum,
1184 2859 1277 2901 axem
1299 2839 1359 2903 l'or-

407 2948 495 2998 tunae
517 2948 606 2999 tanta
627 2935 674 2997 sni
698 2934 841 3018 agilitate
860 2934 1100 3013 circumferunt,
1123 2954 1158 3002 ut
1183 2962 1246 3003 non
1269 2942 1359 3005 modo

408 3052 509 3101 rotam
534 3037 614 3120 ejus,
631 3036 684 3098 scd
708 3050 739 3099 et
764 3036 862 3099 totius
883 3035 969 3099 orbis
993 3037 1105 3100 molem
1122 3041 1217 3105 facile
1239 3059 1358 3109 constet

405 3160 473 3200 esse
498 3136 681 3200 volubilem.
733 3138 849 3199 Verum
878 3159 916 3200 ne
942 3160 1003 3201 nou
1031 3154 1095 3202 tam
1121 3165 1172 3206 me
1198 3168 1358 3223 excusare,

405 3259 501 3322 quam
527 3258 629 3299 rerum
651 3237 864 3299 conditionem
880 3238 1001 3301 frustra
1018 3238 1125 3304 ridear
1148 3266 1298 3310 accusare
1319 3248 1357 3311 de

403 3337 562 3411 omnibus,
580 3336 633 3398 sed
655 3360 749 3399 causa
770 3338 898 3423 cognita
913 3340 1069 3426 judicare.
1118 3345 1231 3410 Status
1250 3348 1356 3435 itaque

405 3437 464 3501 mei
494 3437 608 3500 facient
636 3460 809 3523 parumper
834 3440 990 3526 inspicite,
1017 3443 1209 3509 serenissimi
1240 3448 1355 3513 domini

406 3542 504 3606 nostri
536 3540 619 3625 regis
651 3541 845 3626 Anglorum,
872 3544 913 3605 ab
939 3567 1022 3607 anno
1052 3550 1230 3631 praeterito,
1255 3555 1358 3637 gravis

404 3646 434 3708 in
459 3667 508 3706 ute
530 3643 638 3707 studio
658 3644 847 3708 aemulorum
863 3647 999 3710 excitata
1022 3661 1069 3711 est
1090 3650 1281 3735 indignatio.
1325 3659 1357 3719 Si

402 3770 528 3812 causam
542 3746 698 3833 quaeritis,
711 3747 863 3831 professio
879 3748 1045 3825 libertatis,
1058 3751 1203 3817 veritatis
1219 3754 1358 3820 defensio

402 3849 533 3914 crimina
553 3871 621 3911 mea
637 3864 729 3912 sunt:
764 3848 853 3913 testis
867 3864 913 3913 est
936 3850 1013 3913 mihi
1030 3866 1190 3917 scrutator
1204 3858 1358 3937 cordium,

403 3976 496 4041 quem
520 3951 642 4015 inutilis
664 3965 695 4013 et
720 3951 894 4036 peruiciosa
911 3953 974 4016 rita
997 3977 1066 4017 mea
1089 3969 1158 4021 tota
1181 3982 1306 4046 semper
1326 3977 1355 4025 et

403 4054 496 4118 nimis
519 4051 663 4127 offendit,
687 4051 763 4136 quia
786 4050 916 4115 alterius
938 4053 1052 4139 culpae,
1075 4057 1163 4140 quod
1192 4062 1235 4124 ad
1261 4060 1357 4125 domi-

403 4178 479 4218 num
496 4172 616 4235 regem,
633 4152 853 4215 conscientiam
872 4154 985 4217 nescio.
1025 4155 1149 4239 Ipsum,
1162 4172 1198 4222 ut
1214 4162 1357 4239 audistis,

404 4257 492 4320 adire
522 4253 750 4339 disposueram,
777 4276 875 4316 meam
904 4255 1110 4319 innocentiam
1143 4275 1354 4345 purgaturus,

402 4358 454 4421 sed
473 4380 529 4443 per
550 4354 719 4418 familiares
741 4377 814 4417 suos
836 4355 945 4431 didici,
963 4380 1011 4418 me
1034 4357 1222 4424 nullmnodo
1245 4364 1355 4427 admit-
