3034 5500
302 730 495 812 1159—61.]
686 751 867 795 semrom.
1212 742 1252 800 73

294 920 359 962 cum
384 898 546 965 humilem
570 899 745 986 qualiquali
768 901 913 966 chartula
930 903 1057 969 visitare
1075 905 1250 990 dedignor:

294 1001 375 1064 uude
391 1016 562 1086 peccenum
580 1003 685 1066 hocin
704 1025 753 1066 me
769 1004 861 1090 jacis,
878 1018 935 1068 aut
950 1007 1024 1092 quis
1039 1029 1160 1084 corum,
1176 1030 1249 1072 cum

294 1103 410 1188 quibus
433 1104 515 1184 vixi,
536 1105 764 1169 criminationis
787 1107 883 1191 hujus
907 1120 1018 1172 auctor
1040 1121 1098 1186 est,
1118 1123 1174 1174 aut
1197 1110 1251 1174 de-

292 1205 396 1269 lator?
422 1205 595 1270 Thronum
607 1206 684 1270 mihi
701 1208 868 1292 potestatis
879 1221 911 1274 et
928 1232 1020 1272 usum
1033 1214 1246 1297 improperas:

292 1320 321 1371 at
353 1307 654 1395 quantulacumque
684 1309 836 1394 temporis
864 1311 1061 1396 experientia
1095 1311 1248 1389 didicisti,

293 1410 379 1486 (nam
396 1409 523 1473 desole
543 1410 678 1486 dierum,
695 1411 814 1495 quibus
829 1416 1014 1477 commorati
1037 1436 1157 1492 sumus,
1173 1436 1246 1478 con·
1276 1460 1277 1464 ,

291 1533 409 1595 queror
440 1512 619 1594 brevitate)
644 1511 783 1577 didicisti
813 1514 944 1600 inquam
976 1513 1063 1599 quod
1089 1514 1120 1577 in
1150 1514 1246 1579 domo

291 1613 410 1677 domini
425 1614 485 1678 mei
498 1615 618 1700 primos
633 1615 796 1679 recubitus
807 1639 870 1679 non
888 1638 1018 1703 usurpo,
1029 1617 1117 1703 quod
1134 1630 1245 1704 sponte

292 1737 362 1778 mea
387 1729 420 1780 et
446 1715 592 1780 ultronea
616 1717 780 1781 voluntate
806 1717 953 1803 pluribus
980 1718 1067 1782 cedo.
1112 1720 1244 1783 ,Iustum

294 1817 451 1902 siquidem
467 1830 514 1882 est
531 1819 613 1882 utin
631 1832 720 1884 tanta
735 1819 836 1905 patris
852 1820 958 1896 domo,
974 1821 1056 1885 sicut
1078 1820 1198 1884 meritis
1213 1834 1246 1884 et

293 1917 517 2004 dignitatibus,
533 1924 578 1984 ita
592 1943 642 1984 me
658 1921 846 1998 honoribus,
862 1937 893 1987 et
912 1947 969 1988 usu
988 1921 1153 2007 potestatis
1175 1923 1246 2007 plu-

293 2021 363 2085 rimi
391 2021 587 2089 antecedaut.
634 2023 783 2087 Amicum
816 2027 921 2109 inquis
951 2022 1113 2087 humilem.
1158 2023 1243 2101 Quid

289 2146 400 2208 quaeso
414 2123 502 2188 aliud
518 2139 564 2188 est
586 2124 655 2187 hoec
679 2125 868 2190 humilitatis
890 2125 1054 2212 professio,
1068 2147 1164 2212 quam
1181 2126 1244 2189 cal-

288 2221 352 2287 lida
378 2224 529 2310 quaedam
556 2225 726 2290 ostentatio
754 2227 920 2311 dignitatis
949 2241 981 2291 et
1010 2226 1142 2311 gradus,
1168 2227 1243 2290 sub-

287 2324 435 2391 affectata
456 2325 668 2390 dissimulatio
687 2328 886 2392 celsitudinis
901 2342 933 2392 et
948 2328 1100 2394 honoris?
1131 2329 1241 2406 Quali-

287 2426 372 2509 quali
389 2427 540 2491 chartula
553 2426 705 2512 adjecisti.
751 2428 855 2505 Quam
871 2429 954 2492 enim
970 2428 1075 2505 aliam,
1087 2426 1146 2491 nisi
1163 2451 1240 2515 qua-

286 2528 490 2615 lemqualem,
521 2528 667 2593 videlicet
699 2527 850 2615 ineptam,
882 2533 988 2595 mittet
1020 2530 1169 2594 indoctus
1206 2546 1238 2594 et

286 2630 386 2709 rudis,
396 2645 429 2695 et
446 2630 504 2717 qui
520 2632 675 2716 praevisus
690 2632 730 2695 ab
746 2631 855 2718 aliquo
869 2633 1069 2711 lexoviensi,
1085 2646 1237 2718 tanquam

287 2728 400 2797 Moeris
415 2732 498 2799 alius
512 2733 732 2799 obmutescet?
767 2734 831 2797 Hic
848 2735 958 2819 utique
981 2747 1107 2820 apertos
1128 2732 1238 2797 oculos

284 2833 436 2913 habuisti,
452 2851 484 2901 et
500 2836 541 2899 de
555 2836 676 2900 viribus
692 2837 770 2900 meis
790 2846 872 2899 recte
890 2834 1030 2920 judicas,
1044 2834 1122 2897 dum
1145 2857 1164 2896 a
1187 2857 1237 2898 me

284 2938 406 3002 nonnisi
428 2937 604 3004 chartulam
628 2938 884 3026 qualemqualem
908 2946 1066 3021 expectas.
1112 2934 1237 2999 Deinde

285 3052 319 3102 ut
334 3040 498 3125 supercilii
514 3062 564 3104 me
578 3040 756 3115 convincas,
770 3052 826 3104 aut
842 3035 1055 3122 negligentiae,
1068 3058 1235 3099 numerum

283 3155 463 3206 nostrorum
481 3143 538 3228 qui
556 3141 706 3206 Tolosam
722 3141 957 3227 aggrediuntur
972 3139 1048 3203 mihi
1064 3138 1187 3225 objicis,
1198 3162 1235 3203 ac

283 3243 306 3307 si
325 3267 437 3309 omnes
461 3244 666 3331 Tolosipetas
689 3267 745 3331 per
770 3246 881 3310 urbem
904 3243 1153 3308 Lexoviensium
1177 3255 1234 3306 aut

283 3348 504 3411 Baiocensium
531 3347 699 3411 transitum
731 3347 871 3412 noverim
898 3346 1073 3410 habituros.
1129 3344 1234 3408 Situm

280 3469 418 3534 namque
430 3448 558 3513 urbium
571 3462 747 3512 vestrarum
762 3448 884 3533 ignoro,
895 3461 927 3512 et
939 3447 1044 3512 nescio
1057 3470 1121 3535 qua
1133 3460 1234 3510 trans-

281 3549 354 3615 ituri
369 3565 474 3626 erant,
490 3573 572 3637 quos
589 3550 619 3614 in
637 3553 716 3615 urbe
738 3552 944 3616 Pictavorum
960 3574 999 3614 ex
1022 3550 1126 3614 edicto
1148 3547 1232 3632 regis

280 3653 424 3738 oportuit
446 3653 622 3717 convenire.
669 3654 719 3716 Te
741 3654 871 3740 quidem
894 3652 1022 3716 minime
1044 3652 1090 3715 ibi
1112 3648 1232 3713 inveni·

280 3755 397 3819 endum
422 3754 555 3832 credidi,
572 3777 629 3819 nec
649 3754 811 3818 audieram
835 3754 923 3841 quod
941 3767 978 3817 tu
993 3753 1113 3817 felicem
1137 3773 1232 3836 expe-

278 3854 431 3920 ditionem
458 3856 520 3919 alio
547 3856 644 3920 modo
674 3879 768 3943 quam
795 3856 991 3921 orationibus
1019 3853 1229 3941 prosequaris.

279 3957 439 4021 Noveram
457 3971 560 4021 tamen
584 3980 623 4022 ex
646 3957 797 4022 relatione
812 3961 984 4022 multorum
1007 3956 1085 4042 quia
1099 3978 1149 4018 res
1164 3955 1230 4018 sine

277 4059 531 4123 Lexoviensibus
553 4059 627 4122 duci
650 4081 712 4122 non
736 4073 872 4144 poterat,
887 4060 964 4145 quia
985 4059 1104 4144 linguae
1118 4077 1227 4120 eorum

276 4160 423 4225 incendia
449 4160 522 4224 belli
546 4161 640 4224 factae
657 4174 743 4240 sunt,
758 4161 882 4247 ipsique
896 4162 928 4223 in
954 4160 1099 4224 manibus
1122 4159 1227 4241 iguem

276 4260 415 4328 ferentes
433 4273 465 4325 et
486 4260 630 4346 gladium
657 4262 795 4325 Domino
810 4261 1006 4326 exercituum
1022 4259 1227 4323 famulantur.

278 4362 373 4427 Unde
392 4361 507 4446 liquet,
522 4375 552 4426 et
579 4361 692 4444 quavis
715 4366 786 4427 luce
802 4362 918 4428 clarius
941 4376 1000 4438 est,
1016 4359 1102 4444 quod
1125 4358 1227 4439 legem
