3034 5500
257 778 321 836 260
515 784 650 832 rosuurs
664 781 950 828 ιιιιειηιιιιικιιι
1121 765 1163 843 [a
1178 780 1204 824 n

289 1040 508 1105 EPISTOLA
532 1038 772 1102 CLXVI.-sn
786 1053 966 1099 utconactr
984 1052 1178 1099 nasturtio

564 1197 703 1260 Nicoloo
717 1195 758 1258 de
775 1195 902 1277 Sr‘gillo.

299 1333 407 1410 Esar,
421 1343 457 1394 ut
470 1329 613 1404 memini,
627 1349 730 1410 genus
743 1328 927 1405 hominum,
941 1327 1001 1412 qui
1017 1330 1053 1392 in
1067 1329 1207 1394 Ecclesia

257 1434 322 1499 Dei
332 1431 629 1498 archidiaconorum
641 1441 813 1493 censentur
825 1431 973 1508 nomine,
985 1432 1104 1515 quibus
1115 1443 1208 1495 restra

258 1534 411 1599 discretio
433 1554 559 1596 omnem
579 1532 692 1595 salutis
713 1532 795 1595 riam
822 1533 1022 1615 querebatur
1043 1554 1116 1596 essc
1135 1554 1207 1617 prae·

258 1633 391 1701 clusam.
421 1635 517 1712 Nam,
525 1645 561 1695 ut
572 1631 676 1695 dicere
688 1633 912 1708 consuevistis,
923 1632 1066 1714 diligunt
1078 1655 1209 1710 munera,

261 1750 438 1822 sequuntur
459 1735 694 1812 retributiones,
715 1733 757 1796 ad
779 1733 914 1816 injurias
936 1735 1034 1819 proni
1058 1748 1142 1813 sunt,
1162 1755 1207 1799 ca·

257 1838 390 1902 lumniis
405 1836 557 1917 gaudent,
572 1846 704 1918 peccata
718 1832 831 1916 populi
848 1832 1030 1898 comedunt
1045 1850 1079 1898 et
1094 1837 1210 1910 bibunt,

258 1938 378 2023 quibus
394 1939 510 2000 riritnr
524 1957 566 1999 ex
586 1942 689 2019 rapto,
703 1947 739 1996 ut
757 1954 823 1995 uon
839 1934 882 1996 sit
895 1934 1020 2019 hospes
1034 1937 1077 1999 ab
1093 1937 1210 2019 hospite

257 2049 357 2101 tutus.
403 2038 466 2109 Qui
482 2038 515 2099 in
532 2038 580 2099 eis
594 2034 845 2119 praestantissimi
865 2045 953 2112 sunt,
970 2036 1094 2100 debent
1107 2037 1209 2122 utiquo

257 2158 382 2201 serrare
405 2139 509 2217 legem
539 2136 683 2212 Domini,
709 2133 856 2198 sednon
884 2134 1023 2200 sariunt.
1076 2140 1157 2202 llaec
1180 2151 1209 2200 et

256 2237 374 2302 similia
399 2239 534 2313 solebat,
561 2237 594 2297 in
621 2234 799 2298 miserrima
823 2235 1014 2301 conditione
1036 2238 1209 2316 hominum,

257 2349 370 2402 vestrm
399 2337 530 2421 pietatis
559 2337 720 2399 miseratio
747 2336 926 2419 deplorare.
972 2340 1080 2404 Bonis
1108 2356 1208 2405 autent

255 2441 330 2504 siris
355 2451 389 2503 et
409 2439 521 2502 amicis
542 2439 656 2501 restris
680 2437 842 2518 agendum
865 2449 916 2502 est
939 2443 1063 2520 gratias
1089 2444 1159 2507 Deo
1181 2456 1209 2507 et

256 2541 389 2606 domino
411 2540 640 2617 lincolniensi,
666 2539 723 2623 qui
748 2541 875 2623 aperuit
896 2543 1012 2606 oculos
1036 2557 1156 2610 cestros
1179 2558 1209 2609 et

257 2645 342 2708 siam
367 2643 489 2717 docuit,
515 2661 581 2725 qua
602 2642 664 2703 hoc
696 2662 796 2720 genus
820 2642 990 2708 hominnm
1020 2667 1088 2709 non
1118 2646 1208 2711 modo

257 2746 424 2831 perveniat
434 2744 474 2808 ad
486 2744 632 2816 salntem,
642 2742 843 2805 inenarrabili
855 2745 1087 2812 salvandorum
1098 2771 1209 2815 corona

259 2848 458 2922 decoratum,
473 2845 530 2909 sed
546 2858 579 2908 ct
592 2844 788 2926 superiorem
808 2861 1029 2930 consequatur
1041 2854 1208 2928 aureolam,

259 2972 331 3035 quae
347 2952 431 3012 sicut
445 2948 594 3030 martyrio
608 2947 778 3018 laureatos,
791 2957 824 3008 et
838 2947 1022 3029 virginitate
1035 2966 1208 3030 vernantes,

258 3054 305 3115 sic
335 3049 575 3134 praedicationis
609 3047 715 3111 officio
749 3059 957 3112 conmeantes
987 3052 1132 3137 insignit.
1183 3058 1208 3119 t

257 3152 401 3215 Domino
412 3150 543 3235 quidem
556 3150 673 3213 tactum
687 3159 736 3213 est
748 3148 847 3225 istud,
857 3150 912 3233 qui
927 3155 1044 3218 oculos
1058 3159 1208 3222 caecitstir

255 3263 367 3314 vestrae
391 3251 525 3335 aperuit,
547 3261 580 3314 et
601 3251 762 3335 patefacta
776 3252 905 3316 veritato
928 3254 963 3317 in
985 3277 1088 3321 causa
1109 3258 1207 3323 archi·

257 3351 467 3415 diaconorum
478 3352 690 3436 perniciosam
705 3351 784 3414 fecit
795 3364 914 3416 mutare
926 3359 1132 3422 sententiam.
1157 3361 1206 3424 Li·

255 3465 309 3516 cet
323 3463 429 3515 autern
442 3453 553 3515 merito
565 3450 724 3534 gaudeant
738 3453 958 3518 archidiaconi
967 3470 1074 3522 restro
1082 3460 1206 3543 judicio

255 3551 405 3627 absoluti,
422 3549 518 3614 credo
534 3572 585 3615 me
604 3571 670 3614 non
694 3550 849 3614 minorem
871 3574 968 3637 quam
987 3555 1080 3639 ipsos
1095 3580 1206 3628 conce.

254 3653 342 3740 pisse
357 3650 397 3715 dc
413 3663 516 3714 restra
532 3650 732 3734 promotione
751 3651 906 3732 laetitiam,
920 3655 999 3739 quia
1014 3658 1205 3745 ubicumque

254 3756 399 3819 locorum
415 3753 486 3829 sim,
501 3773 553 3815 mo
572 3750 614 3815 ad
634 3751 791 3816 honorem
806 3765 839 3816 et
853 3755 1047 3839 obsequium
1061 3772 1207 3838 restrum,

254 3857 288 3918 in
319 3858 435 3940 quibos
464 3853 669 3917 discretionis
700 3864 809 3917 restrae
835 3876 971 3919 censura
999 3862 1205 3942 prescribere

254 3954 448 4034 dignaretur,
473 3955 710 4038 promptissima
735 3956 898 4019 voluntate
920 3957 1048 4023 decori.
1093 3962 1202 4045 Magni

253 4055 414 4137 siquidem
434 4056 576 4119 muneris
594 4057 695 4119 instar
717 4070 812 4136 esset,
827 4058 853 4120 si
874 4058 955 4121 mibi
977 4061 1104 4146 aliquid
1125 4064 1202 4128 infra

252 4154 335 4216 sires
346 4175 435 4217 meas
444 4156 568 4220 velletis
578 4156 756 4239 injungere,
766 4172 799 4221 et
810 4160 1199 4242 peregrinantisaffectom

251 4265 424 4339 utcumque
446 4256 595 4340 experiri.
641 4258 694 4321 De
714 4271 830 4322 cratero
843 4261 927 4324 lator
946 4264 1154 4344 praesentium
1167 4266 1199 4328 in

252 4357 408 4443 obsequio
422 4377 505 4434 meo,
520 4369 553 4421 ct
566 4357 669 4420 fratris
688 4359 787 4422 nostri
808 4359 928 4425 diutius
942 4362 1130 4429 immoratus
1144 4376 1198 4441 est,
