3034 5500
284 753 344 818 172
538 767 676 812 maurus
693 766 968 814 sanmasnrsssrs
1132 749 1178 830 [s.
1191 767 1223 812 o.

280 942 417 986 mensem
439 933 472 983 et
494 919 664 982 monachos
687 917 925 984 cantuariensis
946 915 1103 993 ecclesiae,
1125 919 1227 1004 appel·

280 1021 405 1088 lationis
419 1021 541 1086 auxilio
552 1043 654 1108 nuper
664 1021 705 1086 ad
717 1043 849 1085 examen
861 1019 1074 1106 apostolicum
1086 1044 1106 1084 s
1118 1021 1227 1086 nostris

283 1124 431 1188 manibus
460 1122 622 1196 evolavit;
661 1146 698 1186 ea
726 1137 775 1188 est
797 1121 992 1209 hujusmodi.
1038 1126 1231 1187 Memoratus

281 1225 365 1289 Rad.
379 1224 503 1288 reditus
518 1222 573 1288 lxx
587 1222 751 1298 librarum,
767 1245 848 1309 quos
863 1227 894 1287 in
906 1221 1041 1285 ecclesia
1053 1221 1228 1287 Dovurensi

279 1326 448 1403 habuerat,
470 1324 573 1388 officio
594 1337 702 1388 nostro
724 1324 784 1387 sibi
807 1323 930 1389 restitui
954 1323 1155 1409 postulabat,
1175 1337 1228 1388 aut

280 1428 412 1493 aliorum
436 1427 598 1490 redituum
623 1447 747 1512 aequam
766 1426 1093 1511 recompensationem
1110 1425 1171 1490 sibi
1185 1449 1229 1490 re-

280 1529 471 1617 ponderari3
502 1528 609 1593 dicens
630 1552 684 1593 eos
704 1527 745 1592 ad
769 1528 828 1593 hoc
857 1529 957 1593 teneri
980 1552 1021 1592 ex
1040 1531 1231 1613 juramento,

281 1632 370 1720 quod
391 1631 532 1697 Auricus
554 1630 753 1697 Camerarius
776 1631 901 1695 nomine
923 1653 964 1695 ex
987 1630 1143 1696 mandato
1163 1654 1230 1696 con-

281 1750 393 1802 ventus
407 1732 567 1820 praestitit,
584 1732 713 1818 quando
730 1733 813 1796 Rad.
835 1733 940 1809 cessit,
958 1749 995 1798 ut
1017 1735 1052 1798 in
1072 1733 1228 1798 ecclesiam

282 1840 424 1901 Dovuroe
453 1833 596 1898 monachi
626 1831 880 1917 ingrederentur.
927 1837 1002 1898 Hoc
1039 1856 1172 1920 quoque
1199 1857 1230 1898 se

282 1936 433 2020 legitimis
453 1934 590 1999 testibus
609 1932 753 2019 promisit
777 1933 1000 2018 probaturum.
1047 1933 1144 1998 Prior
1163 1957 1233 1999 vero

281 2047 314 2100 et
328 2034 473 2099 monachi
489 2034 569 2097 hanc
579 2035 649 2118 ejus
658 2033 845 2117 petitionem
857 2033 982 2097 inanem
998 2056 1068 2098 esse
1077 2034 1231 2111 dicebant,

281 2136 428 2222 eoquod
451 2135 510 2199 sibi
533 2157 655 2221 semper
679 2133 832 2220 praedicta
853 2140 1000 2221 pactione
1021 2138 1055 2202 in
1079 2138 1233 2223 assignato

281 2238 388 2304 reditu
404 2239 502 2304 fuerit
524 2238 744 2310 satisfactum
775 2237 959 2322 adjicientes
974 2263 1008 2303 se
1030 2256 1233 2327 paratosesse

280 2339 322 2405 ad
336 2339 449 2405 calculi
460 2340 611 2404 rationem
628 2340 788 2414 accedere,
806 2353 840 2404 ut
852 2340 1022 2426 suppleant
1033 2363 1097 2427 pro
1107 2342 1232 2407 arbitrio

281 2441 356 2506 boni
366 2442 436 2522 riri,
447 2443 473 2506 si
485 2441 565 2528 quid
577 2442 606 2504 ei
619 2441 754 2506 ulterius
763 2442 971 2527 competierit.
1005 2443 1059 2506 Ad
1074 2443 1143 2508 haee
1153 2443 1231 2508 lind.

207 2630 212 2637 1
279 2569 312 2610 se
326 2545 407 2609 citra
420 2543 615 2609 audientiam
630 2557 768 2608 vestram
785 2545 913 2609 minime
934 2568 1031 2632 super
1047 2547 1120 2610 haec
1133 2547 1231 2633 litiga

281 2659 391 2711 turum
406 2643 581 2730 respondit,
596 2645 735 2708 invitans
747 2643 888 2708 Priorem
905 2658 937 2709 et
955 2648 1129 2711 monachos
1143 2670 1233 2734 super

281 2747 614 2836 praestitojuramento
621 2744 662 2810 ad
672 2762 811 2811 vestrum
822 2770 966 2828 examen,
975 2764 1009 2815 et
1019 2752 1158 2836 priorem
1169 2775 1232 2838 spe·

283 2851 416 2927 cialiter,
428 2864 460 2915 et
478 2849 566 2935 Hug.
582 2850 709 2915 fratrem
726 2850 797 2936 ejus
807 2872 904 2935 super
919 2865 1109 2938 contemptu
1123 2869 1232 2929 vestro,

283 2978 323 3019 co
345 2954 433 3040 quod
455 2957 487 3018 in
511 2952 661 3039 parochia
681 2951 769 3016 illius
791 2954 1000 3039 protectionis
1023 2971 1140 3021 restrae
1161 2980 1231 3043 pru-

283 3054 364 3121 sidio
374 3056 561 3142 gaudentes,
573 3079 623 3120 me
632 3055 733 3118 invito
747 3067 859 3118 contra
868 3055 954 3142 juris
966 3061 1176 3124 reverentiam
1187 3083 1230 3123 ca·

281 3158 397 3244 pellam
408 3161 652 3233 construxerint,
663 3158 800 3243 praefixit
813 3158 922 3244 itaque
936 3161 1110 3226 terminum
1127 3162 1228 3227 Domi·

283 3258 383 3322 nicam
400 3258 432 3321 in
447 3262 543 3322 ramis
558 3258 747 3345 palmarum.

428 3577 649 3641 EPISTolA
673 3579 915 3642 cxxiv-io
931 3598 1086 3646 sosoma.

520 3729 660 3792 Domino
678 3730 783 3812 Popoe
797 3729 993 3795 Aleoondro.

326 3866 367 3929 ln
398 3887 430 3927 se
460 3862 576 3948 ipsum,
607 3877 686 3929 teste
709 3865 848 3939 Ananis,
872 3881 1026 3949 provocat
1049 3868 1228 3933 sententiam

281 3964 406 4043 mortis,
421 3965 478 4050 qui
495 3965 649 4049 Spiritum
669 3966 831 4041 Sanctum,
847 3965 962 4029 merito
977 3968 1151 4048 virtutum,
1165 3993 1229 4035 suc·

280 4066 427 4133 cessionis
437 4066 552 4147 gratia,
565 4068 778 4153 praerogativa
789 4068 871 4132 sedis
883 4069 1081 4135 habitantem
1095 4076 1127 4136 in
1138 4073 1230 4150 vobit,

280 4167 392 4253 aliquo
421 4165 576 4229 mendacii
599 4168 675 4231 luco
697 4170 925 4235 circumvenire
950 4174 1130 4258 proesumit,
1156 4197 1230 4261 prae·

281 4270 388 4338 sertim
401 4290 501 4354 quum
515 4269 547 4332 in
562 4270 766 4357 dispendium
777 4276 873 4360 juris,
887 4287 920 4338 et
931 4273 1065 4340 alterius
1078 4277 1229 4341 laesiooem

283 4373 418 4441 mendax
450 4385 595 4457 precator
631 4374 787 4460 invigilet.
846 4378 947 4442 Porro
981 4378 1066 4442 lator
1101 4399 1231 4464 praesen·
