3034 5500
280 760 387 838 1166]
665 776 841 821 narsrona.
1166 765 1225 822 801

275 932 330 994 siae
346 930 703 1005 Romanae,necessitas
716 932 805 1010 regui
820 929 960 1011 Anglici,
974 930 1150 1013 periculum
1165 954 1230 996 non

246 1073 255 1085 ·
274 1032 374 1095 modo
394 1031 481 1095 sedis
497 1043 618 1108 vestrm,
639 1030 696 1093 sed
715 1032 956 1094 commissarum
972 1031 1064 1094 vobis
1078 1044 1110 1095 et
1125 1036 1229 1098 eccle·

275 1135 394 1196 siarum
409 1145 441 1197 et
456 1133 643 1208 animarum,
659 1133 777 1216 quibus
792 1136 818 1196 si
834 1135 883 1196 rel
899 1154 1076 1210 occurrere,
1090 1137 1140 1198 rel
1156 1137 1231 1199 sub-

276 1233 386 1297 venire
415 1232 594 1316 potueritis,
621 1233 674 1293 rix
699 1234 779 1297 tanti
808 1233 931 1295 debetis
957 1233 1061 1296 tacere
1090 1236 1230 1299 animam

278 1349 427 1411 vestram,
444 1347 479 1397 ut
500 1356 565 1397 non
589 1355 647 1417 pro
671 1337 772 1398 salute
794 1335 897 1419 ipsius
920 1336 1047 1411 animae,
1063 1347 1096 1400 et
1115 1338 1231 1401 libera·

277 1440 366 1502 tione
392 1437 538 1500 ecclesiae
562 1437 792 1516 naufragantis,
816 1437 979 1500 accedatis
1002 1438 1043 1499 ad
1070 1439 1232 1523 colloquia

276 1549 553 1624 persequutorum,
568 1548 601 1601 et
621 1538 832 1620 experiamini
848 1537 925 1620 quid
941 1558 999 1619 per
1019 1538 1228 1603 humilitatem

279 1654 416 1704 vestram
440 1639 587 1722 dignetur
601 1640 726 1705 efficere
747 1640 820 1723 pius
838 1640 945 1714 Jesus,
960 1638 1014 1723 qui
1030 1650 1104 1723 post
1118 1662 1231 1704 ascen-

279 1742 381 1805 sionis
408 1763 473 1803 suae
497 1741 628 1821 gloriam
652 1750 845 1822 protestatus
871 1748 930 1815 est,
951 1740 1036 1802 sicut
1059 1739 1091 1801 in
1117 1740 1231 1804 litteris

279 1845 441 1907 invenitur
466 1843 669 1919 authenticis,
692 1863 726 1904 se
749 1841 855 1905 adhuc
886 1856 1032 1923 paratum
1057 1864 1127 1905 esse
1151 1843 1233 1905 mori

279 1967 337 2028 pro
353 1945 540 2022 humilibus,
562 1955 594 2006 et
618 1944 722 2007 crucis
743 1943 950 2025 ignominiam
973 1945 1137 2021 sustinere,
1151 1966 1232 2028 proe-

279 2049 386 2111 sertim
402 2069 501 2131 quum
517 2048 562 2108 illi
579 2047 634 2130 qui
651 2068 705 2108 ros
720 2045 904 2129 persequuti
921 2057 1004 2123 sunt,
1020 2055 1054 2108 et
1069 2046 1231 2110 Christum

281 2151 313 2212 in
331 2150 431 2226 robis,
452 2150 598 2212 dicantur
620 2148 856 2230 aliquantulum
865 2164 895 2211 ‘a
915 2148 999 2230 regis
1022 2149 1124 2228 gratia
1145 2150 1232 2213 exci-

280 2252 366 2316 disse
382 2266 414 2315 et
434 2252 466 2314 in
490 2274 527 2315 ea
550 2250 734 2314 conditione
750 2251 875 2328 versari,
895 2262 932 2313 ut
954 2271 1009 2313 eos
1026 2251 1093 2335 jam
1116 2251 1233 2315 taedeat

280 2356 354 2418 ritae
370 2376 459 2416 meae.
505 2356 557 2416 An
573 2374 665 2414 verus
681 2353 730 2429 sit,
745 2352 865 2430 nescio,
882 2351 938 2415 sed
954 2374 1060 2415 rumor
1074 2354 1160 2437 apud
1175 2375 1235 2418 nos

281 2458 431 2541 publicus
447 2467 504 2532 est,
517 2457 582 2519 sive
598 2467 705 2518 autem
721 2456 767 2517 ita
782 2455 832 2530 sit,
843 2454 908 2516 sive
923 2477 999 2527 non,
1016 2467 1101 2518 certo
1117 2458 1233 2520 certius

281 2568 342 2633 est,
358 2558 433 2641 quia
448 2556 660 2639 proculdubio
676 2556 824 2619 Christus
838 2556 1055 2637 triumphabit,
1072 2568 1104 2619 et
1119 2557 1234 2621 reddet

283 2658 456 2741 unicuique
473 2678 536 2719 non
549 2656 645 2719 modo
656 2655 753 2738 juxta
768 2675 865 2738 opera
880 2675 947 2729 sua,
959 2655 1017 2717 sed
1032 2667 1064 2717 et
1078 2658 1234 2719 voluntati

283 2768 511 2824 consummatae
526 2757 659 2841 perlecti
675 2757 781 2839 operis
797 2756 946 2819 attribuet
960 2777 1121 2819 coronam.

324 2862 543 2924 Persectorum
563 2859 747 2937 amicorum,
763 2880 783 2923 a
802 2858 920 2942 quibus
940 2879 1000 2940 ego
1023 2871 1055 2921 et
1075 2859 1235 2941 Magister

283 2964 455 3046 Philippus
476 2983 539 3024 non
564 2961 777 3037 dissentimus,
799 2960 969 3025 consilium
990 2971 1048 3037 est,
1070 2970 1106 3023 ut
1128 2962 1154 3023 si
1175 2982 1232 3025 vos

283 3065 469 3150 imperatrix
481 3063 653 3140 vocaverit,
665 3061 706 3125 ad
718 3063 821 3145 ipsam
834 3062 969 3125 ducente
981 3063 1234 3144 Rothomagensi

285 3168 527 3250 archiepiscopo
543 3188 653 3230 secure
669 3166 848 3229 accedatis:
874 3178 906 3228 et
920 3166 947 3227 si
961 3165 1006 3227 ibi
1022 3165 1097 3228 boni
1113 3166 1234 3248 aliquid

286 3268 461 3346 audieritis,
485 3270 586 3351 agatis
611 3268 728 3350 gratias
750 3269 905 3345 Domino,
928 3278 960 3330 et
981 3268 1026 3330 ita
1047 3289 1105 3351 per
1128 3270 1236 3333 omnia

284 3372 452 3449 incedatis,
482 3383 518 3435 ut
547 3371 703 3433 modestia
730 3382 834 3433 restra
866 3370 1015 3434 omnibus
1045 3371 1235 3435 innotescat.

286 3474 320 3537 si
345 3494 429 3550 rcro,
451 3471 539 3555 quod
561 3472 657 3545 absit,
680 3493 772 3534 secus
794 3470 958 3548 acciderit,
979 3470 1132 3535 redeunte
1154 3494 1236 3558 prae·

284 3576 349 3639 sato
373 3574 615 3658 archiepiscopo
635 3574 668 3635 in
691 3585 805 3636 terram
828 3573 1092 3657 peregrinationis
1114 3588 1237 3652 restrae,

286 3696 358 3738 cum
373 3675 540 3737 honestate
555 3685 587 3735 et
601 3674 770 3737 securitate
791 3673 999 3736 revertemini.
1045 3674 1095 3736 De
1111 3675 1236 3737 clericis

285 3796 359 3836 vero
383 3771 551 3851 ducendis,
572 3773 634 3835 hoc
658 3774 840 3850 consulunt,
856 3785 890 3837 ut
911 3795 977 3836 non
999 3772 1235 3836 multitudinem

288 3875 423 3951 ducatis,
448 3874 506 3938 sed
532 3896 662 3956 paucos,
685 3873 835 3958 providos
861 3889 893 3936 et
916 3874 1082 3951 discretos,
1105 3874 1133 3936 si
1157 3896 1237 3958 quos

289 3992 394 4040 tamen
409 3978 536 4040 habetis
558 3979 649 4052 tales,
665 3998 799 4060 qnorum
823 3977 954 4058 possitis
974 3976 1068 4038 inniti
1090 3977 1238 4056 consilio,

286 4079 312 4141 si
328 4100 411 4162 opus
426 4079 531 4151 suerit,
543 4091 575 4141 et
590 4080 649 4141 sub
665 4089 823 4160 pretextu
838 4099 947 4140 eorum
962 4078 1017 4161 qui
1033 4078 1238 4157 defuerint,si

287 4181 350 4245 hoc
381 4181 556 4244 necessitas
586 4181 740 4262 exegerit,
770 4180 955 4243 dilationem
988 4180 1118 4262 possitis
1151 4200 1238 4243 com·

288 4282 382 4346 mode
400 4284 578 4365 impetrare.
623 4283 696 4363 Ego
718 4293 824 4345 antem
845 4304 896 4344 me
918 4280 960 4344 ad
982 4280 1044 4342 hoc
1069 4299 1150 4360 opus
1173 4300 1237 4341 non

288 4385 410 4466 ingero,
430 4383 487 4447 sed
511 4404 570 4447 nec
594 4383 715 4464 refugio
738 4384 881 4467 quidem,
905 4382 931 4443 si
954 4401 1005 4442 me
1027 4378 1240 4457 decreveritis,
