3034 5500
301 782 363 840 ³212
555 795 697 839 scansus
713 793 999 841 sanusnnnmnsrs
1173 785 1213 860 [A.
1229 799 1254 842 n.

300 959 418 1011 certum
442 948 558 1012 habeat
573 961 676 1011 vestra
694 947 857 1020 discretio,
872 948 1033 1031 quoniam
1050 949 1160 1026 Philo,
1175 950 1256 1030 cujus

299 1049 443 1112 meminit
458 1050 561 1124 Hier„
577 1049 750 1112 undecimo
768 1049 911 1132 capitulo
927 1051 1005 1112 libri
1028 1051 1071 1113 de
1089 1052 1162 1113 siris
1181 1052 1257 1113 illus·

299 1152 412 1224 tribus,
425 1152 465 1212 ab
478 1151 548 1212 aliis
560 1149 706 1213 dissentit
722 1150 753 1211 in
771 1151 854 1212 libro
870 1153 927 1234 qui
943 1154 1145 1227 inscribitur,
1159 1155 1255 1226 Quem

298 1252 510 1333 quorumdam
523 1254 559 1313 in
571 1252 754 1332 Scriptaria
765 1257 891 1314 mutata
902 1255 972 1316 sint
985 1257 1136 1316 nomina.
1167 1257 1254 1318 Hauc

300 1369 474 1435 sequuntur
484 1356 686 1439 Theophilus
697 1355 941 1419 Alexandrinus
954 1358 988 1419 iu
1003 1359 1177 1422 Chronicis
1188 1359 1254 1430 suis,

300 1469 333 1520 et
351 1458 555 1541 Epiphanius
578 1457 777 1520 Constantiae
801 1457 902 1539 Cypri
925 1461 1104 1543 episcopus
1130 1461 1161 1523 in
1182 1462 1253 1522 libro

301 1559 341 1622 de
368 1559 442 1621 viris
465 1560 647 1632 illustribus,
671 1557 758 1640 quod
780 1572 812 1621 et
834 1559 1042 1634 Theodorus,
1065 1563 1122 1646 qui
1141 1563 1253 1624 urbano

302 1680 447 1724 sermone
458 1661 556 1723 libros
567 1679 675 1722 corum
692 1658 732 1721 de
745 1660 860 1724 Graeco
873 1665 1038 1726 transtulit
1054 1665 1088 1726 in
1103 1664 1253 1736 latinum,

301 1775 474 1827 attestatur.
520 1765 610 1826 Dicit
631 1763 715 1824 enirn
739 1762 825 1844 quod
848 1775 881 1826 et
905 1765 1080 1842 Gamaliel‚
1103 1766 1145 1829 ad
1167 1764 1251 1848 cnjus

301 1866 402 1947 pedes
413 1867 577 1948 apostolus
589 1887 622 1927 se
635 1859 784 1945 gloriatur
795 1863 948 1930 didicisse
960 1869 1077 1949 legem,
1089 1880 1122 1931 et
1131 1868 1252 1952 publica

300 1969 433 2029 assertio
471 1969 694 2043 Hebraeorum,
725 1968 781 2050 qui
811 1967 852 2029 dc
889 1970 997 2033 littera
1032 1972 1115 2053 legis
1143 1970 1252 2033 rectius

301 2070 442 2152 sapiunt,
460 2090 533 2131 cnm
550 2069 695 2131 Philonis
712 2069 863 2151 opinione
880 2072 1095 2137 concordant.

345 2171 409 2233 Sed
432 2193 472 2233 ne
487 2169 677 2253 protendam
694 2173 836 2248 verbum,
853 2194 952 2255 quum
976 2174 1018 2237 ad
1041 2176 1167 2259 reliqna
1188 2196 1250 2257 pro·

301 2270 476 2354 perandum
505 2269 556 2346 sit,
586 2280 618 2329 et
646 2269 780 2332 istorum
811 2286 1008 2354 proponatur
1037 2277 1161 2358 opinio.
1207 2275 1251 2336 Ea

301 2386 406 2434 autem
430 2383 478 2433 est
500 2369 588 2455 quod
608 2372 741 2452 Moyses
764 2372 1019 2438 Pentateuchum
1043 2377 1184 2460 scripsit,
1197 2375 1250 2438 etsi

301 2473 342 2535 de
357 2472 422 2535 fine
441 2470 695 2549 Deuteronomii,
711 2467 767 2534 ubi
790 2472 830 2533 de
854 2486 956 2538 morte
971 2476 1043 2559 ejus
1065 2477 1180 2557 agitur,
1193 2495 1252 2537 nou

302 2575 482 2651 conveniat,
498 2575 571 2637 aliis
595 2574 823 2649 asserentibus,
842 2575 939 2638 etiam
965 2578 1048 2640 hanc
1072 2578 1252 2660 particulam

302 2678 481 2762 prophetali
502 2675 704 2752 certitudine,
720 2675 805 2738 sicut
819 2686 851 2739 et
864 2677 952 2740 illam
976 2700 1074 2763 quam
1090 2678 1131 2742 de
1147 2677 1252 2741 mundi

302 2781 463 2845 creatione
491 2778 642 2862 praemisit
667 2778 699 2840 in
725 2778 841 2860 capite,
863 2791 897 2840 et
924 2801 1018 2862 quam
1047 2781 1082 2843 in
1107 2780 1252 2844 benedic·

302 2884 444 2946 tionibus
467 2881 719 2943 Patriarcharnm
745 2878 786 2941 de
812 2878 919 2942 futuro
936 2882 1130 2946 vaticinatus
1145 2896 1203 2959 est,
1215 2882 1251 2945 ab

303 2984 375 3066 ipso
399 2986 515 3065 Moyse
532 2982 626 3043 fuisse
642 2981 867 3063 conscriptam,
882 2981 956 3043 aliis
972 2996 1082 3046 autem
1107 3005 1127 3046 a
1150 2986 1253 3059 Josue,

305 3085 376 3147 aliis
405 3082 446 3147 ab
476 3082 580 3145 Esdra
613 3081 794 3144 dicentibus
832 3102 904 3144 eam
936 3083 1035 3146 suisse
1066 3085 1251 3168 appositam.

304 3190 404 3250 Josue
419 3187 533 3247 librum
559 3184 697 3268 scripsit,
712 3184 768 3266 qui
793 3182 1018 3249 denominatur
1041 3189 1083 3249 ab
1107 3209 1159 3251 eu·
1204 3187 1255 3249 So-

220 3303 221 3306 ’
301 3288 440 3372 phitbim
466 3308 549 3364 vero,
576 3287 596 3349 i.
619 3308 646 3348 c.
672 3285 816 3363 Judices,
843 3285 919 3349 item
949 3289 1067 3352 librum
1098 3292 1199 3367 Ruth,
1222 3304 1251 3353 et

301 3402 426 3473 partem
455 3390 527 3452 libri
561 3391 700 3469 Regum,
730 3391 785 3473 qui
815 3391 1065 3457 denominantur
1095 3395 1138 3457 ab
1175 3396 1251 3477 ipsa,

304 3493 429 3576 scripsit
453 3492 592 3568 Samuel,
607 3492 729 3573 reliqua
750 3492 881 3576 excepit
905 3494 1024 3572 David,
1044 3496 1103 3559 sed
1128 3497 1251 3560 tandem

304 3595 483 3659 aJeremia
505 3594 641 3676 scriptus
663 3606 711 3656 est
734 3594 921 3671 Malachim‚
938 3596 972 3658 id
997 3610 1048 3661 est
1069 3594 1135 3661 duo
1154 3610 1253 3681 poste

302 3701 400 3762 riores
415 3697 487 3760 libri
505 3697 638 3776 Regum.
684 3694 776 3757 ldem
789 3696 904 3758 librum
917 3717 1012 3761 suum
1029 3721 1105 3763 cum
1120 3698 1251 3763 Lamen-

304 3800 476 3866 tationibns
499 3797 607 3861 edidit.
653 3797 717 3859 His
738 3810 845 3859 autem
867 3800 1022 3863 omnibus
1041 3804 1171 3883 vulgata
1191 3822 1250 3864 nou

305 3902 496 3967 contradicit
515 3900 635 3983 opinio.
680 3897 844 3961 Ezechias
868 3910 901 3961 et
916 3901 975 3963 viri
991 3905 1164 3987 sapientes,
1179 3924 1253 3989 quos

304 4005 336 4065 in
349 4004 494 4066 scholam
506 4002 654 4063 virtutum
667 4012 700 4061 et
713 3999 887 4062 litterarum
901 4003 1082 4069 sociaverat
1092 4007 1157 4070 sibi
1166 4006 1252 4069 anuis

305 4124 360 4179 xr,
375 4103 490 4185 quibus
509 4103 598 4164 Deus
621 4112 848 4183 prorogaverat
863 4102 963 4165 vitam
979 4105 1063 4189 ejus,
1078 4107 1194 4169 diriuis
1215 4104 1251 4167 de

304 4217 420 4267 caetero
443 4223 569 4278 vacans,
584 4202 617 4263 iu
641 4221 740 4264 unum
758 4202 908 4265 volumen
932 4219 1169 4289 compegerunt
1182 4204 1252 4269 rati·

304 4306 388 4371 einia
403 4304 522 4377 Esaiae,
538 4325 609 4387 quae
624 4303 677 4364 ille
693 4303 725 4364 in
741 4304 865 4385 populo
880 4302 1083 4372 declamasse
1104 4306 1202 4394 (quod
1214 4325 1251 4369 ex

307 4405 411 4471 serbis
426 4405 494 4489 ejus
510 4407 651 4488 apparet)
669 4403 755 4466 risus
772 4415 820 4466 est
837 4404 1061 4490 potiusquam
1078 4408 1251 4497 scripsisse:
