3034 5500
288 753 489 832 llos-oo]
677 774 854 821 amsrone.
1178 770 1240 828 ala

279 946 339 988 uec
357 935 520 1008 repugnat
535 926 622 1010 quod
639 927 671 989 in
687 929 799 1008 grandi
814 929 897 991 libro
913 931 1051 995 seribere
1061 931 1172 1016 jussus
1188 948 1236 1000 est

278 1029 364 1112 stylo
391 1027 544 1107 hominis,
566 1030 642 1113 quia
667 1030 748 1093 liber
774 1032 827 1094 ille
848 1031 917 1116 jam
942 1034 1079 1117 scriptus
1104 1049 1180 1115 erat,
1204 1049 1238 1102 et

280 1130 423 1213 grandis,
438 1152 499 1195 nec
516 1131 558 1194 ad
574 1132 673 1215 ipsius
692 1133 890 1215 prophetias,
905 1147 940 1197 ut
962 1135 1061 1210 aiunt,
1078 1139 1238 1220 pertinent

280 1231 492 1314 colligendas,
516 1255 587 1317 quae
610 1243 755 1316 exceptae
780 1237 915 1297 suntab
940 1235 1149 1315 auditoribus,
1164 1253 1196 1304 et
1217 1265 1237 1306 a

280 1336 415 1418 praefato
431 1356 503 1416 rege
516 1334 691 1417 disposita.
731 1336 834 1398 lidem
851 1350 883 1398 et
898 1338 1070 1402 Parabolos
1082 1343 1236 1424 compila-

279 1451 405 1512 verunt,
421 1449 495 1501 ante
515 1438 644 1522 quidem
660 1459 679 1500 a
702 1437 874 1500 Salomone
890 1439 1036 1517 dictatas,
1051 1454 1084 1503 et
1105 1443 1237 1506 silenter

281 1539 954 1622 abexcipierrtibu8,ntutsit,usuvulgatas.
979 1540 1236 1607 Undeiniisdem

278 1643 441 1724 parabolis
456 1642 506 1703 hae
522 1662 650 1723 quoque
665 1651 742 1703 sunt
765 1642 925 1721 parabole
950 1640 1141 1717 Salomonis,
1157 1667 1238 1728 quas

278 1745 509 1811 transtulerunt
524 1743 580 1804 viri
597 1743 751 1806 Ezechiae
775 1743 857 1823 regis
879 1742 975 1806 Juda.
1020 1744 1236 1811 Transtulisse

278 1857 388 1908 autem
405 1844 564 1921 dicuntur,
580 1846 655 1929 quia
670 1845 762 1928 quasi
778 1843 817 1906 de
834 1845 907 1908 loco
922 1845 963 1912 ad
979 1847 1097 1923 locum,
1115 1849 1155 1910 ab
1177 1871 1237 1913 usu

280 1947 415 2025 uulgari,
444 1957 476 2008 et
506 1946 636 2029 privatis
668 1947 801 2008 sortasse
832 1945 996 2009 schedulis
1030 1947 1237 2029 singulorum,

278 2049 412 2133 publica
426 2048 613 2111 arroteritate
630 2048 842 2110 traduxerunt
857 2049 890 2110 in
909 2048 1074 2114 Cononem
1093 2051 1234 2136 Scriptu-

276 2169 395 2213 rarum.
443 2148 522 2211 lude
539 2145 634 2211 etiam
654 2147 818 2212 roboratur
840 2150 909 2212 lraec
935 2150 1075 2229 traditio,
1091 2156 1178 2237 quod
1200 2155 1235 2218 in

279 2252 372 2314 tertio
389 2251 516 2332 Regum
527 2251 678 2334 scripturo
694 2261 753 2326 est,
767 2252 935 2332 loquutus
945 2259 992 2315 est
1005 2251 1154 2318 Salomon
1168 2259 1235 2320 trio

278 2355 384 2415 mittio
404 2353 584 2434 parabolus,
607 2359 638 2415 et
656 2354 806 2433 fuerunt
826 2356 975 2418 carmina
997 2356 1068 2435 ejus
1090 2361 1236 2443 quinque

279 2458 395 2534 millio,
403 2462 434 2518 et
445 2458 625 2538 ‹lisputovit
635 2478 657 2518 o
668 2456 759 2518 cedro
773 2457 889 2520 Liboni
901 2479 1002 2539 usque
1013 2460 1057 2521 od
1065 2461 1236 2543 hyssopum

278 2564 335 2638 dsc.
383 2561 457 2623 Hoc
473 2561 557 2622 enim
581 2558 700 2622 dixisse
724 2560 831 2642 potius
853 2561 1001 2638 creditur,
1018 2584 1112 2645 quam
1135 2565 1235 2648 serip-

280 2665 371 2727 sisse.
418 2663 500 2725 Sunt
529 2661 583 2745 qui
611 2662 834 2745 canninacjus
865 2663 1001 2725 reserant
1032 2664 1072 2726 ad
1100 2665 1236 2729 Cantica

277 2766 503 2830 canticorum:
527 2764 778 2847 disputationem
793 2765 982 2826 naturalium
999 2767 1177 2829 amaximis
1192 2768 1234 2831 ad

276 2868 409 2931 minima
428 2867 664 2951 procedentem,
682 2866 722 2929 ad
738 2865 1006 2945 significationem
1029 2888 1137 2930 eorum
1160 2892 1233 2953 quae

280 2971 496 3034 Ecclesiastes
508 2969 541 3030 in
553 2968 650 3031 totius
662 2966 774 3030 mundi
787 2967 998 3029 concionatur
1013 2965 1133 3031 auditu.
1171 2970 1235 3034 Sed

279 3074 319 3135 de
347 3071 400 3156 his
430 3071 518 3133 alias.
564 3071 648 3132 Nam
679 3081 711 3131 et
740 3066 1015 3146 Ecclesiasticem,
1040 3079 1073 3132 et
1102 3070 1236 3135 Cantica

279 3176 486 3239 Canticorum
525 3172 650 3237 Canoni
688 3171 923 3253 scripturarum
961 3192 1018 3235 rex
1058 3172 1235 3237 Jerusalem

278 3277 441 3340 Ezechias
457 3288 489 3338 et
504 3274 727 3338 conscholares
742 3274 789 3336 sui
807 3274 957 3337 dicuntur
972 3274 1137 3359 adjecisse.
1176 3276 1233 3340 Sa·

277 3379 417 3441 lomonis
433 3387 539 3439 tamen
562 3375 750 3438 anctoritate
772 3376 906 3456 prolata,
925 3397 1019 3458 quem
1034 3377 1068 3438 in
1084 3376 1133 3440 his
1155 3399 1233 3441 con·

280 3479 460 3543 scribendis
496 3479 704 3551 inventorem,
734 3488 767 3540 et
797 3477 887 3561 quasi
917 3478 1057 3559 publicar
1086 3480 1234 3545 utilitatis

275 3602 458 3665 praeconem
480 3580 666 3642 habuerant.
713 3579 787 3641 Hoc
810 3592 917 3641 tamen
940 3592 1051 3644 eontra
1073 3583 1232 3664 vulgatam

277 3686 472 3769 opinionem,
487 3682 544 3745 sed
560 3705 601 3745 an
626 3697 738 3746 contra
752 3682 914 3744 veritatem
938 3681 1057 3745 dictum
1081 3686 1133 3760 sit,
1149 3686 1232 3750 diffi-

278 3788 347 3850 niat
362 3787 415 3849 ille
432 3785 487 3868 qui
502 3785 601 3846 norit.
632 3786 782 3866 AggaeuS,
796 3784 978 3860 Zacharias,
994 3796 1027 3847 et
1041 3786 1232 3865 Malachias,

278 3888 432 3952 adhibitis
454 3908 498 3948 xv
522 3886 608 3962 viris,
630 3887 770 3949 maxime
793 3882 932 3948 fideliter
952 3908 1124 3969 synagogas
1146 3891 1232 3953 Eze-

274 3992 386 4055 chielis
402 3989 531 4052 oracula
546 3999 803 4071 composuerunt.
841 3989 915 4070 Ipso
938 3988 1024 4052 enim
1046 3991 1233 4072 praedicarit

277 4093 426 4165 visiones,
442 4103 475 4154 et
494 4087 600 4153 infixit
621 4089 782 4152 memoriae
798 4088 977 4152 auditorum
1000 4093 1127 4174 quasin
1150 4105 1232 4157 terra

275 4196 399 4277 polluta
422 4193 562 4256 scribere
587 4192 700 4267 noluit,
723 4212 762 4254 ne
789 4202 902 4254 sancta
926 4192 1152 4274 prophanaret,
1174 4195 1230 4257 scd

273 4297 439 4379 praecepit,
470 4306 506 4357 ut
535 4294 748 4356 scriberentur
777 4294 808 4356 in
839 4304 921 4356 terra
953 4294 1094 4356 Domini.
1141 4295 1228 4357 Huic

275 4411 381 4461 autern
399 4394 602 4479 suspensioni
620 4394 733 4464 alludit
757 4396 913 4471 Psalmns,
930 4395 1052 4470 dicens,
1071 4395 1113 4455 In
1127 4392 1231 4457 salici·
