3034 5500
404 767 447 828 60
662 776 800 822 ioannis
815 776 1092 821 saansaaruarrsm
1258 757 1302 838 [Δ.
1318 778 1346 822 n

402 930 551 996 latissime
573 941 695 1016 patent,
717 942 750 993 et
779 927 872 1014 plane
895 926 1044 992 videbitis
1074 927 1253 1013 petentium
1275 929 1348 992 talis

399 1033 608 1118 improbatam
647 1054 713 1094 esse
749 1028 943 1116 petitionem,
974 1044 1006 1093 et
1036 1051 1148 1092 eorum
1182 1029 1240 1115 qui
1274 1031 1348 1094 tales

396 1135 546 1213 audiunt,
567 1132 734 1197 durissime
754 1130 960 1216 plectendum
977 1154 1044 1194 esse
1058 1152 1231 1196 assensum.
1278 1133 1347 1195 Non

397 1249 444 1301 eat
459 1235 588 1299 relictus
603 1234 694 1298 nobis
722 1233 943 1297 dissimulandi
959 1233 1057 1307 locus,
1079 1232 1158 1319 quia
1172 1231 1206 1297 in
1222 1233 1348 1298 consilio

397 1335 1347 1419 lateranensi‚cuinosetvos‚fraterEpisoope,intersuimus‚

397 1440 527 1504 domino
552 1438 738 1502 Innocentio
761 1436 950 1524 praesidente
965 1435 1158 1516 audivimus,
1172 1449 1250 1500 vota
1265 1438 1347 1514 talia,

398 1541 604 1630 promulgato
618 1562 736 1604 canone
751 1538 964 1603 condemnari.
1010 1537 1072 1601 Sed
1093 1537 1177 1602 sorte
1192 1539 1282 1625 regia
1296 1562 1349 1603 nos

400 1659 493 1730 urget
508 1643 692 1721 auctoritas,
706 1657 793 1706 recte
813 1641 941 1727 quidem
958 1641 1016 1704 nisi
1033 1639 1156 1704 sciretis
1175 1643 1347 1706 Dominum

397 1747 516 1811 bomini
532 1744 780 1832 praeferendum,
796 1744 856 1806 nisi
871 1742 982 1828 religio
1004 1741 1164 1827 Principis
1178 1743 1280 1828 possit
1293 1742 1348 1826 cir-

402 1849 589 1929 cumveniri,
604 1848 663 1910 nisi
679 1868 736 1930 per
757 1845 991 1931 subreptionem
1007 1844 1050 1908 ab
1063 1868 1100 1907 eo
1114 1844 1269 1909 nonnulla
1286 1869 1349 1910 esse

397 1962 534 2025 extorta,
554 1951 621 2035 jam
646 1947 786 2011 fuissetis
809 1947 942 2033 experti.
989 1950 1121 2012 Summa
1136 1969 1215 2030 ergo
1229 1947 1347 2011 consilii

396 2051 497 2115 nostri
520 2050 589 2113 hoec
611 2062 669 2124 est,
693 2061 729 2111 ut
756 2048 818 2132 legi
843 2049 972 2111 Domini
993 2062 1024 2112 et
1047 2048 1143 2112 sacris
1164 2049 1348 2129 canonibus,

393 2154 491 2238 juxta
505 2150 730 2237 professionem
747 2164 882 2213 vestram
901 2151 1150 2236 obtemperetis:
1175 2163 1207 2214 et
1223 2151 1346 2237 quoties

399 2277 454 2316 voa
468 2256 547 2316 tales
561 2251 720 2336 augustiae
736 2253 919 2336 presserint,
930 2253 1068 2316 incidere
1080 2253 1111 2315 in
1123 2274 1241 2317 manus
1254 2253 1348 2317 bomi-

397 2376 487 2432 num,
513 2375 610 2438 quam
638 2352 700 2417 Dei
722 2354 868 2428 viventis,
894 2354 997 2417 tutius
1007 2353 1172 2438 judicetis.
1217 2354 1281 2418 Sed
1303 2368 1347 2419 est

395 2455 501 2519 forsan
512 2455 597 2518 unde
608 2454 785 2519 merueritis
795 2477 891 2539 super
901 2455 1154 2520 successionibus
1163 2454 1346 2542 hujusmodi

397 2557 515 2636 vexari,
537 2580 575 2619 eo
589 2555 679 2641 quod
702 2555 734 2619 in
755 2556 902 2620 fraudem
918 2580 1073 2620 canonum
1090 2558 1132 2622 ad
1146 2556 1301 2623 cessiones
1317 2572 1347 2622 et

398 2657 642 2725 substitutiones
656 2656 785 2724 illicitas
798 2659 932 2722 nimium
948 2659 1039 2745 proni
1054 2659 1139 2724 estis.

692 2993 919 3059 EPISTOLA
943 2997 1048 3059 LVII.

400 3132 577 3196 Tbaobcddi
591 3130 839 3193 Cantaurieusis
850 3129 1083 3214 archiepiscopi
1100 3130 1344 3195 Testamentum.

437 3264 610 3326 Surnaurs
631 3260 846 3324 deficientium
863 3262 1084 3328 voluntatibus
1106 3286 1201 3328 snum
1225 3288 1344 3330 aooom·

393 3362 524 3427 modant
541 3363 618 3447 jura
633 3362 786 3443 favorem,
801 3377 833 3427 et
850 3365 882 3427 in
900 3388 932 3428 se
949 3365 1037 3429 velut
1059 3365 1256 3432 inhumanus
1277 3391 1346 3455 pro-

394 3477 485 3528 vocat
499 3463 578 3526 iram
602 3465 745 3542 Domini,
761 3466 818 3551 qui
840 3466 901 3551 piis
915 3490 1026 3531 eorum
1048 3468 1214 3533 desideriis
1232 3470 1344 3535 obrius

390 3565 588 3630 contradicit.
635 3567 753 3630 Nostra
783 3568 913 3654 quidem
943 3569 1090 3635 voluntas
1121 3584 1182 3649 est,
1209 3585 1251 3652 et,
1274 3596 1346 3658 quae

390 3668 530 3734 Domino
551 3682 680 3734 auctore
702 3692 878 3756 numquam
903 3673 1094 3750 mutabitur,
1122 3687 1159 3738 ut
1183 3674 1344 3740 residuum

393 3773 548 3837 bonorum
575 3786 754 3837 nostrorum
783 3772 960 3852 mobilium,
982 3796 1055 3860 quae
1084 3789 1217 3862 propter
1243 3798 1348 3841 neces·

391 3874 717 3950 sitatesdomesticas,
733 3889 766 3939 et
789 3875 1034 3941 diuturnitatem
1058 3876 1223 3964 languoris
1246 3901 1346 3966 usque

392 3979 433 4043 ad
457 3980 580 4042 exitum
597 3981 673 4043 vitae
694 3978 848 4041 duximus
870 3980 1096 4060 conservanda,
1112 3982 1145 4044 iu
1168 4003 1246 4045 usus
1267 4004 1346 4068 pau-

394 4104 506 4166 perum
518 4083 646 4145 omuino
657 4079 782 4154 cedant,
795 4079 969 4145 secundum
981 4082 1066 4168 quod
1081 4082 1175 4147 nobis
1186 4085 1346 4147 Dominus

393 4182 570 4267 inspiravit,
591 4195 623 4245 et
651 4181 733 4245 sicut
759 4180 907 4245 dedimus
933 4185 964 4245 in
992 4183 1151 4247 mandatis
1173 4185 1344 4250 venerabili

393 4285 484 4349 fratri
502 4295 610 4346 nostro
624 4280 770 4343 Waltero
786 4280 926 4345 Roffensi
949 4285 1124 4370 Episcopo,
1140 4298 1173 4348 et
1196 4285 1344 4350 fidelibus

391 4387 519 4463 nostris,
536 4382 685 4467 Philippo
699 4380 885 4445 cancellario
899 4398 1018 4466 nostro,
1033 4387 1187 4471 magistro
1203 4386 1344 4453 Radulio
