3034 5500
277 762 473 847 tlte—ur]
661 783 842 830 smsrosa.
1174 772 1234 832 17⁵

273 949 390 1000 nostrae
413 935 624 1021 gravissimus
646 950 841 1021 persecutor,
864 936 1045 1000 willelmus
1067 937 1108 1000 de
1131 941 1233 1023 Ypra,

271 1038 484 1104 exhaeredato
498 1036 628 1102 domino
642 1036 748 1116 fundi,
765 1051 942 1124 utcumque
956 1040 988 1102 in
1004 1042 1231 1126 possessionem

269 1140 398 1206 admitti
422 1141 662 1226 impetraverat.
708 1139 838 1204 Fraude
869 1164 943 1204 vero
974 1140 1155 1205 collusionis
1185 1141 1232 1204 in·

271 1243 490 1318 terrenientis,
522 1255 558 1306 ut
587 1245 632 1306 eis
669 1241 836 1327 praefatam
875 1242 1035 1307 ecclesiam
1072 1243 1232 1320 cederent,

272 1346 446 1409 monachos
472 1344 609 1430 praelato
633 1343 738 1407 Odoni
767 1357 872 1408 certos
896 1344 1019 1409 reditus
1044 1346 1230 1430 assignasse,

272 1461 304 1513 et
333 1447 395 1511 hoc
426 1446 522 1510 etiam
544 1444 672 1532 publice
701 1458 812 1509 notum
835 1469 902 1509 esse
932 1447 1102 1522 asserebat,
1124 1461 1156 1511 et
1185 1448 1231 1511 ita

272 1547 434 1613 mediante
459 1547 600 1611 Simonis
621 1545 838 1610 detentionem
858 1546 997 1611 ecclesiae
1015 1551 1231 1632 qualemcum-

275 1673 339 1737 que
355 1649 520 1724 babuisse,
543 1649 715 1712 venerabili
738 1649 837 1713 fratre
859 1663 968 1714 nostro
991 1652 1119 1734 Rogero
1144 1648 1233 1713 Ebo-

275 1751 396 1816 racensi
412 1751 470 1837 qui
486 1773 569 1814 nunc
585 1763 644 1830 est,
664 1764 741 1815 tunc
763 1750 987 1817 Cantuariensi
1001 1749 1232 1814 archidiacono.

277 1854 350 1917 Hoc
366 1854 473 1939 ipsum
489 1849 663 1936 apostolica
678 1855 870 1915 auctoritate
885 1851 1060 1928 inhibente,
1073 1864 1234 1936 postremo

277 1953 442 2018 Abbatem
459 1965 491 2016 et
514 1952 683 2015 monachos
706 1952 804 2016 sancti
828 1952 962 2028 Bertini,
978 1952 1035 2037 qui
1051 1952 1232 2029 adfuerunt,

277 2078 377 2143 quum
402 2054 607 2140 supradictus
630 2068 785 2140 tyrannus
815 2075 956 2139 aregno
979 2053 1108 2137 Angliae
1130 2068 1234 2119 exter-

276 2159 466 2234 minaretur,
483 2156 530 2220 liti
553 2170 586 2220 et
601 2156 775 2221 detentioni
796 2180 891 2242 qnam
909 2157 1098 2233 habuerant,
1114 2158 1147 2222 iu
1163 2181 1234 2244 per-

277 2274 414 2347 petuum
437 2261 634 2323 renuntiasse
655 2258 796 2335 dicebat,
828 2272 864 2323 ut
894 2259 1019 2324 fructus
1041 2259 1234 2344 supradicte

276 2363 431 2439 ecclesiae,
444 2360 649 2447 permittente
662 2361 813 2437 Domino,
827 2361 933 2426 liceret
945 2374 1116 2447 asportare.
1153 2363 1234 2427 Haec

279 2466 409 2551 quidem
424 2465 531 2529 omnia
539 2463 686 2550 promisit
699 2487 731 2526 se
743 2462 1005 2528 sufficientissime
1014 2464 1233 2549 probaturum.

279 2567 440 2630 Praeterea
455 2587 488 2629 se
503 2564 542 2627 ad
559 2565 755 2649 majestatem
775 2579 922 2643 vestram,
936 2578 973 2630 ut
988 2563 1032 2630 ibi
1044 2563 1189 2629 fraudem
1202 2580 1234 2630 et

279 2668 431 2732 malitiam
457 2668 682 2731 monachorum
705 2667 880 2753 detegeret,
898 2668 965 2753 jam
990 2670 1119 2731 nuntios
1138 2666 1234 2731 desti-

278 2795 368 2836 nasse
389 2771 538 2836 dicebat:
563 2771 772 2835 nibilominus
788 2770 819 2833 in
837 2784 944 2833 nostra
966 2770 1130 2833 audientia
1145 2794 1233 2835 suam

279 2889 411 2961 paratus
422 2874 635 2938 innocentiam
646 2888 678 2939 et
690 2873 851 2959 justitiam
864 2872 1090 2936 demonstrare.
1125 2874 1233 2949 Quum

278 2998 355 3057 ergo
380 2975 421 3037 de
449 2975 581 3038 veritate
607 2997 750 3059 precum,
780 2990 815 3036 ut
842 2973 1021 3057 oportebat,
1048 2994 1235 3056 cognoscere

280 3078 434 3151 volentes,
458 3076 620 3140 monachis
642 3077 882 3161 praefigeremus
909 3074 1005 3154 diem,
1026 3074 1086 3160 ipsi
1114 3098 1146 3137 se
1171 3096 1234 3137 non

279 3180 445 3244 subituros
474 3202 612 3255 causam,
639 3180 699 3245 nisi
730 3182 811 3243 citra
840 3178 1052 3262 cognitionem
1089 3175 1237 3243 restitue-

280 3295 403 3360 rentur,
418 3280 663 3366 responderunt.
711 3281 778 3344 Nos
793 3303 869 3364 ergo
885 3279 916 3343 in
940 3279 1162 3367 prejudicium
1178 3281 1237 3359 rei,

281 3399 312 3449 et
327 3386 569 3450 subversionem
586 3385 671 3470 juris
693 3383 863 3469 procedere
884 3382 1035 3460 nolentes,
1052 3384 1236 3450 mandatum

284 3505 504 3572 expectamus,
521 3487 612 3552 vobis
627 3486 658 3549 in
674 3485 835 3561 omnibus,
850 3499 882 3550 et
899 3508 956 3570 per
970 3486 1076 3550 omnia
1090 3487 1237 3571 parituri.

425 3825 647 3888 EPISTOLA
671 3827 931 3889 cxxvii—so
948 3844 1101 3890 ausuum.

529 3965 668 4031 Domino
683 3968 786 4050 Popae
800 3968 996 4032 Alarondro.

324 4087 432 4149 chur
448 4085 480 4148 iu
496 4107 550 4147 ore
565 4084 749 4149 nuntiorum
775 4101 967 4163 nostrorum,
982 4087 1102 4171 quibus
1126 4089 1238 4154 merito

284 4186 461 4252 honestatis
483 4199 515 4250 et
539 4186 612 4251 fidei
636 4189 731 4252 fidem
756 4188 864 4253 baberi
887 4198 1023 4273 oportet,
1041 4190 1240 4274 posuerimus

286 4291 382 4355 rerba
413 4302 534 4366 nostra,
564 4287 741 4354 litterarum
775 4305 877 4354 tamen
908 4289 1024 4355 indicio
1054 4292 1238 4376 paternitati

286 4407 397 4457 restrae
426 4391 606 4476 significare
632 4392 826 4469 curarimus,
849 4393 988 4478 qualiter
1013 4393 1045 4457 in
1073 4393 1240 4478 presentia
