3034 5500
391 741 433 804 80
654 748 791 798 susurris
806 745 1083 797 stnasnuarrrusrs
1250 737 1295 815 [s.
1311 757 1339 800 n.

388 911 421 974 0
437 930 545 973 verum
568 904 704 970 Romani
726 901 889 968 Pontificis
909 903 1065 968 amicum!
1090 903 1147 989 qui
1163 917 1196 969 et
1211 906 1244 970 in
1259 906 1344 993 fingi-

390 1011 442 1077 tiis
466 1010 567 1096 ipsius
592 1008 689 1073 habet
716 1005 913 1080 memoriam,
936 1018 969 1069 et
994 1004 1035 1068 de
1060 1003 1208 1072 bonitate
1230 1021 1342 1086 vestra,

391 1133 487 1198 quarn
503 1111 634 1197 impune
649 1105 787 1185 deludit,
802 1104 955 1190 nequitia
971 1127 1037 1168 sure
1058 1127 1173 1171 nomen
1190 1107 1342 1195 imponit!

390 1213 457 1277 Hic
478 1224 538 1290 est,
552 1208 690 1285 domine,
706 1208 757 1271 hic
779 1221 838 1281 est,
854 1206 910 1292 qui
933 1221 1078 1273 sanctum
1101 1210 1288 1296 episcopum
1308 1232 1343 1275 en

388 1315 455 1379 sola
469 1315 590 1379 ratione
606 1310 821 1398 persequitur,
837 1310 914 1394 quia
934 1311 1121 1375 criminibus
1134 1313 1207 1398 ejus
1226 1313 1342 1399 epiaco

390 1437 452 1501 pus
467 1413 665 1489 adversatur.
710 1412 819 1488 Quum
835 1409 972 1474 videatis
994 1410 1156 1497 iniquum,
1171 1414 1268 1499 cujus
1288 1416 1345 1478 cri·

393 1516 477 1582 mina
498 1514 666 1579 manifesta
689 1525 776 1589 sunt,
801 1511 1012 1597 praecedentia
1033 1512 1074 1576 ad
1092 1513 1268 1598 judicium,
1283 1537 1342 1578 nou

390 1620 515 1707 ponetis
545 1640 617 1682 cum
648 1641 685 1679 eo
715 1614 844 1679 malitiae
875 1617 1063 1700 portionem,
1094 1614 1166 1679 licet
1198 1616 1253 1680 itte
1283 1640 1345 1694 vos,

389 1715 600 1803 quantumin
626 1737 658 1809 se
682 1727 742 1791 est,
758 1712 898 1776 infamiae
922 1734 988 1776 suae
1011 1712 1125 1778 reddat
1149 1715 1344 1803 participem.

392 1822 501 1893 Quum
518 1820 613 1894 enim,
629 1817 687 1880 etsi
701 1838 762 1880 uon
776 1815 930 1899 dejectus,
944 1837 962 1877 a
974 1815 1064 1878 vobis
1076 1816 1180 1880 redire
1192 1817 1346 1900 debuerit,

392 1925 441 1984 vel
456 1932 627 1994 correctus,
644 1918 729 1981 facta
749 1932 824 1981 sunt
850 1939 974 2004 semper
989 1918 1127 1983 hominis
1141 1918 1229 1984 illius
1243 1920 1346 1984 novis·

392 2021 471 2086 aima
490 2019 647 2085 deteriora
668 2018 838 2104 prioribus.
880 2022 1005 2097 Dicam,
1020 2034 1123 2106 pater,
1138 2020 1242 2086 dicam
1261 2023 1344 2110 quod

391 2142 529 2188 consona
553 2145 630 2185 voce
655 2121 798 2186 omnium
828 2120 914 2186 sarua
943 2121 1154 2201 concelebrat,
1178 2125 1236 2211 qui
1263 2126 1344 2191 hunc

391 2224 538 2300 dimittit,
549 2223 687 2309 justitia
702 2221 850 2288 inimicus
870 2235 929 2302 est,
944 2236 975 2286 et
992 2223 1070 2287 vitio
1085 2246 1269 2302 consensus,
1279 2227 1346 2313 jus-

392 2326 484 2406 titire,
497 2324 682 2402 honestatis,
694 2338 726 2389 et
736 2324 972 2390 incontinentia
984 2326 1178 2409 profanator.
1217 2327 1345 2413 Wigor·

392 2427 510 2491 niensis
524 2427 702 2513 episcopus,
718 2427 770 2491 cui
785 2427 950 2491 commissa
965 2439 1011 2491 est
1027 2451 1123 2493 causa
1143 2431 1225 2516 ejus,
1240 2431 1275 2494 iu
1295 2454 1346 2497 ex-

390 2529 536 2595 ecutione
550 2529 691 2595 mandati
703 2530 799 2595 vestri
817 2530 907 2616 piger
922 2542 981 2606 est,
992 2530 1025 2593 in
1043 2530 1190 2617 proximo
1207 2532 1345 2600 Insulam

391 2654 583 2718 egressurus.
630 2632 759 2696 Placeat
776 2655 854 2717 ergo
875 2630 965 2696 vobis
985 2634 1015 2696 ei
1041 2634 1215 2721 subrogare
1240 2658 1347 2722 quern·

392 2746 533 2823 eumque
556 2735 720 2802 volueritis
742 2734 775 2799 in
800 2732 917 2821 Anglia
938 2734 1076 2821 justitiae
1099 2753 1285 2821 amatorem,
1311 2753 1345 2804 ut

392 2862 488 2906 causa
502 2841 642 2928 episcopi
657 2839 853 2927 quaudoque
868 2839 1011 2904 debitum
1028 2839 1121 2904 finem
1138 2844 1304 2909 sortiatur.

518 3095 756 3160 EPISTOLA
784 3097 1051 3162 xxvr11.-m
1067 3119 1220 3166 ananau.

650 3213 791 3277 Domino
806 3215 913 3297 Popae
928 3216 1082 3281 Adriano.

440 3333 493 3396 An
508 3329 626 3394 ostium
647 3332 824 3417 majestatis
846 3346 961 3398 vestra
977 3333 1103 3422 pulsare
1119 3338 1217 3401 toties
1232 3339 1346 3403 erube·

392 3457 522 3510 acerem,
545 3432 606 3497 nisi
629 3435 784 3518 pudorem
809 3458 913 3499 meum
937 3450 969 3501 et
992 3436 1169 3501 devotionis
1189 3462 1269 3504 mere
1284 3441 1346 3505 sin-

392 3538 518 3615 ceritas,
541 3550 573 3601 et
593 3536 773 3603 eminentia
797 3551 911 3605 vestrae
934 3539 1112 3625 benignitas
1134 3538 1300 3620 animaret,
1315 3557 1347 3607 at

392 3661 515 3716 eorum,
531 3638 649 3723 quibus
664 3636 753 3701 nulla
773 3637 895 3702 ratione
915 3638 1023 3703 deesse
1038 3662 1178 3725 possum,
1194 3640 1349 3709 instantia

392 3741 492 3807 mead
503 3739 704 3805 scribendum
715 3740 917 3826 compelleret
927 3741 1132 3808 velinvitum.
1157 3743 1348 3810 Sanctorum

392 3844 543 3920 fratrum,
561 3841 641 3927 quid
657 3842 744 3928 apud
766 3843 960 3908 Meritonam
982 3844 1122 3908 Domino
1138 3845 1349 3925 famulantur,

391 3958 423 4009 et
440 3944 511 4007 luce
526 3942 681 4006 bonorum
703 3967 837 4029 operum
856 3945 1016 4009 illustrant
1038 3945 1173 4009 insulam
1197 3961 1350 4027 nostram,

392 4044 614 4109 vexationibus
624 4057 655 4108 et
665 4045 791 4130 injuriis
807 4059 896 4112 tanto
912 4047 1012 4133 magis
1023 4049 1210 4136 compatior,
1226 4064 1350 4137 quanto

390 4146 509 4212 certius
523 4143 625 4208 habeo
646 4145 772 4209 eosdem
791 4170 810 4210 a
826 4147 950 4214 lusione
973 4155 1117 4216 omniurn
1133 4152 1305 4232 abstinere,
1317 4168 1349 4218 et

392 4247 481 4338 quod
504 4245 653 4311 omnibus
678 4246 831 4312 insulanis
851 4265 951 4337 patet,
974 4252 1106 4318 utilitati
1128 4254 1349 4343 proximorum

393 4354 470 4419 totis
485 4349 606 4415 viribus
620 4349 780 4414 inservire.
826 4353 876 4418 Ad
888 4369 1026 4419 vestrum
1043 4378 1119 4441 ergo
1134 4359 1349 4445 apostolatum
