3034 5500
282 751 482 830 tria-64]
664 766 844 812 EPISTOLAE.
1175 760 1235 817 143

277 919 407 984 tendum
448 919 480 981 in
519 917 662 983 absentia
698 917 818 980 domini
850 919 1089 984 cantuariensis
1126 936 1157 985 et
1195 947 1233 986 eo

276 1022 436 1086 mediante
463 1020 541 1084 mihi
569 1042 662 1105 posse
688 1020 824 1103 gratiam
856 1021 1031 1084 reformari.
1076 1025 1236 1089 Praeterea

275 1124 393 1188 dmnini
422 1122 509 1207 regis
532 1121 655 1186 reditus
678 1122 769 1185 uobis
792 1121 823 1184 in
847 1122 914 1186 dies
937 1123 1079 1208 singulos
1105 1127 1234 1209 promit-

277 1227 415 1291 tebatur.
461 1223 548 1302 Quid
567 1246 643 1309 ergo
659 1224 814 1287 facerem?
843 1225 984 1288 Insulam
1000 1226 1108 1310 egredi
1124 1227 1236 1311 imagi·

276 1352 344 1391 nem
364 1328 537 1391 videbatur
553 1326 669 1390 habere
684 1326 833 1411 diffugii:
857 1326 1122 1392 calumniatorum
1139 1330 1235 1394 decli-

276 1451 350 1492 nare
371 1449 591 1513 congressum,
611 1439 692 1490 esset
716 1449 800 1489 ream
824 1428 1045 1492 conscientiam
1070 1430 1233 1513 profiteri:

277 1529 431 1616 principis
461 1551 522 1591 non
553 1541 721 1612 expectare
754 1541 972 1612 conspectum,
1002 1541 1100 1614 caput
1128 1553 1233 1594 meum

277 1633 361 1696 loesae
385 1629 559 1716 majestatis
581 1628 753 1692 obnoxium
780 1629 903 1713 legibus
926 1630 1063 1702 faceret;
1088 1630 1128 1693 ad
1153 1654 1236 1694 sum-

278 1757 375 1810 mam,
390 1731 608 1798 testimonium
632 1732 810 1794 innocentis
834 1732 1043 1806 conscientia,
1064 1735 1236 1796 auctoritas

280 1833 416 1896 llotnani
445 1830 615 1917 pontificis,
644 1831 839 1917 prudentum
868 1831 1007 1909 consilia,
1030 1831 1233 1897 familiarium

280 1958 390 2019 preces
417 1933 543 1997 tandem
576 1947 815 2016 persuaserunt,
841 1947 877 1997 ut
907 1933 1042 1995 examen
1068 1956 1183 2010 causae,
1209 1934 1234 1997 si

280 2036 347 2100 fieri
364 2047 482 2120 potest,
499 2033 582 2096 domi
605 2049 785 2117 expectem,
800 2035 854 2098 ubi
877 2035 948 2098 finis
971 2036 1088 2119 poterit
1111 2059 1188 2113 esse,
1203 2053 1235 2100 et

281 2155 412 2226 sumptu
440 2136 574 2207 facilior,
601 2150 633 2199 et
661 2136 751 2221 copia
782 2140 953 2201 amicorum
982 2137 1125 2201 fertilior.
1172 2139 1234 2202 Sed

281 2241 359 2316 boec,
377 2254 414 2304 ut
430 2239 580 2315 scribitis,
593 2225 789 2301 renuntiasse
804 2239 991 2303 debueram:
1014 2240 1070 2303 has
1085 2240 1234 2326 equidem

281 2357 388 2429 partes
417 2340 565 2405 fidelibus
596 2341 710 2402 vestris
747 2340 854 2403 amicis
886 2345 972 2421 meis,
1002 2342 1235 2408 venerabilibus

282 2445 370 2521 viris,
401 2443 519 2507 Joanni
552 2441 750 2507 thesaurario
781 2442 985 2519 Eboracensi‚
1015 2459 1045 2507 et
1078 2445 1236 2529 Magistro

282 2545 447 2609 Willelmo
461 2545 677 2608 commiseram
700 2545 924 2629 procurandas.
971 2548 1138 2631 Proprium
1156 2569 1236 2610 nun-

280 2649 361 2712 tium
384 2647 503 2711 idcirco
526 2645 684 2708 destinare
707 2645 827 2724 distuli,
842 2648 919 2730 quia
943 2646 1098 2730 natrfragii
1120 2647 1236 2727 brevia,

281 2764 318 2815 ut
334 2750 518 2825 videbatur,
537 2747 606 2813 licet
624 2750 741 2832 magni,
754 2750 858 2813 adhuc
874 2748 993 2812 dubius
1009 2764 1075 2812 erat
1092 2763 1236 2827 eventuS,

280 2870 311 2919 et
328 2854 407 2940 quia
421 2852 546 2915 mallem
564 2851 639 2916 laeta
654 2874 747 2937 quam
768 2851 870 2914 tristia
892 2852 1048 2913 nuntiare.
1093 2851 1190 2913 Unde
1204 2867 1236 2916 et

280 2979 442 3020 cursorem
459 2969 600 3018 vestrum
620 2977 744 3018 mecum
762 2954 878 3017 retinui
903 2975 959 3038 per
979 2952 1047 3015 dies
1066 2953 1188 3037 aliquot
1205 2954 1235 3016 in

283 3059 458 3122 adventum
474 3057 608 3120 illustris
620 3056 738 3141 reginae
752 3053 942 3138 Anglorum‚
955 3066 986 3116 et
999 3053 1162 3116 clarissimi
1179 3054 1237 3117 viri

282 3160 472 3226 cancellarii
490 3160 582 3243 regis,
592 3159 661 3245 qui,
679 3181 735 3243 per
751 3156 995 3220 misericordiam
1013 3156 1152 3231 Domini,
1165 3178 1237 3243 pro-

280 3261 392 3352 cellam
410 3261 487 3324 mihi
510 3260 706 3324 detumuisse
729 3259 890 3324 dixerunt.
935 3260 1052 3321 Potens
1066 3273 1114 3322 est
1129 3271 1235 3322 autem

283 3364 444 3428 Dominus
467 3364 592 3439 vestris,
620 3377 651 3426 et
678 3362 818 3426 ecclesiae
840 3385 917 3437 suae,
944 3384 1003 3447 pro
1029 3383 1094 3446 qua
1123 3362 1238 3447 patior,

282 3467 443 3552 precibus,
466 3488 547 3541 eatn,
567 3478 824 3550 quantacumque
844 3464 896 3539 sit,
913 3464 944 3527 in
966 3486 1075 3527 auram
1096 3487 1238 3528 commu·

283 3582 362 3645 tare,
393 3582 426 3632 et
457 3568 666 3631 innocentiam
699 3590 799 3630 meam
830 3567 1004 3651 perducere
1034 3564 1074 3629 ad
1106 3581 1235 3652 portum

283 3669 401 3757 qnietis
415 3684 547 3755 optatae.
594 3673 674 3734 Haec
691 3670 852 3734 hactenus.

326 3775 379 3836 Ex
393 3796 460 3858 quo
474 3771 599 3836 fidelem
613 3773 760 3835 nuntium
778 3771 970 3848 inveneritis,
984 3771 1072 3846 mihi,
1085 3772 1109 3835 si
1123 3773 1237 3858 placet,

283 3873 432 3958 epistolas
452 3874 539 3936 beati
559 3871 712 3934 Bernardi
735 3871 950 3934 transmittite.
998 3873 1113 3935 Precor
1130 3874 1236 3951 etiam,

283 3991 317 4040 ut
332 3975 428 4039 flores
440 3974 567 4060 aliquos
583 3974 750 4037 verborum
767 3975 847 4058 ejus,
859 3986 889 4034 et
908 3985 1096 4048 vestrorum,
1109 3988 1140 4037 et
1157 3978 1239 4039 Can-

284 4078 358 4142 toris
377 4075 559 4153 Trecensis,
575 4090 608 4139 et
627 4080 651 4139 si
668 4076 724 4161 qui
741 4093 816 4137 sunt
835 4072 960 4148 similes,
976 4071 1081 4158 colligi
1098 4074 1238 4142 faciatis:

281 4181 325 4244 ita
346 4195 455 4246 tamen
473 4192 509 4243 ut
532 4182 647 4243 florum
663 4177 774 4242 laetitia
798 4197 861 4238 nan
885 4177 1020 4260 perimat
1039 4194 1096 4239 aut
1119 4176 1239 4243 minuat

281 4283 407 4347 fructus
421 4280 604 4345 utilitatem.
633 4280 706 4361 Ego
717 4275 940 4362 proculdubio,
950 4290 1079 4339 auctore
1089 4274 1239 4349 Domino,

283 4406 334 4472 vos
361 4385 394 4448 in
423 4403 507 4459 mea,
532 4394 587 4443 aut
615 4377 734 4465 proprii
768 4375 869 4440 nuntii
897 4395 1042 4459 persona,
1068 4386 1238 4457 antequam
