3034 5500
278 745 343 806 298
539 751 675 800 scansis
690 749 969 796 sanasssruausrs
1138 733 1221 813 [ao.

279 933 321 976 ex
337 911 481 973 ubertate
493 907 650 980 loliorum,
662 915 694 968 et
706 902 937 978 condensitate,
949 901 1008 965 sed
1023 920 1067 965 ex
1078 903 1225 965 fructuum

280 1013 415 1076 utilitate
430 1019 590 1094 pensatur.
635 1003 745 1078 Quum
765 1027 841 1088 ergo
863 1015 899 1068 tu
921 1004 1004 1068 nihil
1027 1004 1172 1068 omiseris
1191 1023 1225 1066 ex

280 1111 552 1193 contingentibus,
568 1120 600 1172 et
622 1109 699 1171 fidei
713 1121 779 1172 tuae
794 1118 826 1170 et
848 1106 1030 1170 devotionis
1044 1106 1177 1184 fructtrs,
1190 1114 1228 1168 et·

280 1215 307 1278 si
329 1234 394 1276 non
417 1232 475 1295 pro
497 1221 582 1288 voto,
605 1211 701 1294 plane
725 1230 784 1292 pro
806 1221 951 1291 tempore
974 1208 1183 1293 praecesserit,
1203 1218 1230 1269 et

280 1325 441 1399 speretur:
480 1333 539 1377 cur
568 1311 608 1375 ad
644 1308 853 1392 allegationes
882 1310 1027 1374 caritatis
1058 1307 1229 1374 astruenda

279 1416 379 1481 oratio
406 1426 462 1479 tua
489 1410 707 1498 progreditur?
748 1412 785 1476 Si
814 1432 885 1474 eam
912 1411 958 1474 vis
984 1432 1056 1475 esse
1086 1410 1229 1475 fidelibus

281 1516 549 1593 commendatam,
564 1526 637 1578 acta
650 1514 731 1595 agis,
747 1513 775 1576 si
795 1512 991 1590 infidelibus,
1005 1513 1100 1577 nihil.
1146 1513 1232 1576 Unus

282 1631 400 1698 autem,
425 1631 456 1682 et
482 1617 681 1699 singulariter
710 1636 793 1678 unus
818 1626 877 1694 est,
903 1614 956 1677 cui
986 1636 1061 1678 eam
1093 1613 1232 1678 desidero

282 1720 514 1797 commendari,
535 1718 595 1781 sed
621 1738 685 1780 non
712 1728 777 1780 tam
803 1716 1032 1796 allegationum
1062 1730 1185 1792 ornatu,
1205 1725 1233 1778 et

282 1821 558 1906 phantasmatibus
572 1818 761 1892 dictionum,
778 1837 875 1902 quam
897 1818 1043 1881 caritatis
1057 1819 1231 1883 sinceritate

283 1934 315 1986 et
328 1924 403 1987 vitra
424 1921 630 1998 continentis,
645 1930 677 1983 et
699 1921 884 1983 affectuosae
899 1920 1054 1982 orationis
1075 1919 1231 1993 instantia,

282 2023 467 2109 etquidem
492 2044 535 2087 ex
560 2023 611 2085 his
636 2022 718 2085 locis
744 2021 804 2085 tibi
828 2021 963 2085 arbitror
988 2023 1233 2106 provenissent

282 2126 387 2188 amico
402 2137 511 2187 nostro
527 2123 662 2205 Hugoni
678 2121 886 2206 responderes
893 2121 945 2199 -id,
961 2121 1050 2206 quod
1066 2125 1124 2186 etsi
1140 2124 1233 2206 impe·

280 2226 351 2288 ritis
373 2245 476 2290 rerum
496 2224 641 2287 rideatur
663 2227 775 2288 afferre
797 2223 1013 2308 dispendium,
1029 2224 1233 2288 conscientie

280 2337 389 2390 tamen
417 2337 451 2389 et
479 2324 589 2388 salutis
623 2323 839 2408 proculdubio
867 2324 1097 2407 compendium
1127 2325 1232 2389 adfert

282 2425 381 2492 Unde
403 2437 437 2490 et
457 2424 571 2490 studiis
594 2427 659 2490 tuis
681 2428 891 2508 congratulor,
912 2447 1010 2511 quem
1031 2447 1175 2508 agnosco
1195 2445 1233 2490 ex

282 2529 383 2610 signis
420 2527 600 2612 perspicuis
637 2527 671 2590 in
709 2529 788 2591 urbe
818 2529 942 2610 garrula
970 2536 1003 2590 et
1030 2539 1175 2606 ventosa,
1202 2537 1234 2591 ut

282 2649 363 2714 pace
384 2628 576 2694 scholarium
600 2625 720 2691 dictum
736 2628 788 2705 sit,
802 2649 867 2690 non
884 2636 947 2691 tam
968 2627 1132 2691 inutilium
1148 2647 1233 2712 argu

282 2731 514 2795 mentationum
534 2731 625 2795 locos
648 2730 819 2812 inquirere,
834 2752 928 2815 quam
945 2731 1108 2795 virtutum.
1154 2733 1234 2795 Nam

283 2834 338 2917 qui
361 2844 615 2916 argumentorum
639 2833 833 2915 multiplices
847 2834 936 2898 locos
959 2845 991 2897 et
1014 2833 1110 2898 sedes
1125 2834 1234 2912 credit,

282 2948 315 2998 et
341 2936 491 2999 virtutum
517 2932 634 3012 nullos,
660 2935 803 3014 garrulus
829 2935 940 3019 utique
966 2947 1074 3020 potest
1098 2958 1181 3015 esse,
1204 2948 1234 2999 et

283 3059 396 3111 vanus,
426 3035 485 3100 sed
513 3035 724 3119 proculdubio
754 3058 820 3100 non
850 3036 1052 3115 dialecticus
1081 3038 1147 3102 imo
1175 3058 1233 3101 nec

282 3138 495 3224 philosophus
508 3148 567 3200 est.
606 3137 652 3202 Ut
666 3148 771 3201 tamen
787 3159 806 3201 a
820 3139 1025 3220 generalibus
1033 3138 1076 3202 ad
1086 3139 1236 3223 specialia

280 3251 453 3315 transeam,
466 3238 553 3323 quod
569 3238 785 3302 archidiaconi
800 3240 1009 3315 Pictavensis,
1022 3240 1099 3303 dum
1111 3262 1237 3305 excom·

280 3339 462 3402 municatus
477 3350 536 3416 est,
551 3340 707 3423 quicquid
730 3339 788 3402 tihi
804 3342 962 3417 offeratur,
977 3341 1135 3406 detrectas
1158 3343 1233 3405 inire

281 3439 488 3515 consortium,
510 3438 619 3513 lando,
643 3440 729 3521 quod
756 3440 930 3503 Dominum
953 3441 1091 3519 homini,
1112 3455 1231 3527 tempo·

280 3537 1232 3629 ralibusaeternapraetulisti;sed‚utsinepraejudicioloqnar

280 3637 445 3703 sententiaa
468 3638 608 3717 verioris,
631 3651 663 3702 et
689 3662 849 3706 canonum
870 3644 1050 3708 reverentia
1071 3646 1159 3710 salva
1180 3646 1231 3717 sit,

280 3738 516 3804 distinctionem
532 3738 567 3799 in
590 3740 838 3823 participatione
854 3764 927 3807 cum
943 3746 1232 3810 excommnnicatis

281 3863 397 3906 censeo
410 3838 652 3904 admittendam.
697 3844 783 3907 Nam
803 3846 858 3929 qui
873 3845 1001 3910 malitiae
1017 3866 1126 3913 eorum
1149 3870 1232 3913 com·

280 3942 432 4016 manicat,
464 3941 605 4025 seipsum
635 3965 766 4029 qnoque
793 3946 1004 4011 anathematis
1038 3950 1231 4032 obligatione

279 4040 482 4107 condemnat.
521 4044 680 4108 Caeterum
696 4046 731 4108 in
746 4047 797 4110 his
812 4059 960 4131 quatuor,
975 4070 1112 4133 quorum
1129 4052 1232 4117 cautio

279 4142 426 4227 specialis
437 4142 570 4221 videtur,
579 4146 612 4207 in
623 4147 735 4209 osculo
744 4143 910 4210 scilicetet
919 4168 1040 4226 mensa,
1051 4152 1193 4215 oratione
1202 4159 1233 4214 et

279 4244 479 4321 salutatione,
491 4267 698 4329 personarum
709 4251 741 4312 e't
755 4268 859 4310 rerum
874 4250 1044 4332 multiplex
1056 4263 1092 4316 nt
1103 4254 1233 4317 arbitror

279 4348 458 4412 differentia
469 4348 665 4413 attendenda
677 4360 731 4413 est.
765 4349 866 4413 Aliter
876 4350 960 4413 enim
973 4352 1044 4417 haec
1063 4353 1234 4438 professio·
