3034 5500
420 782 461 842 82
677 794 814 838 soumis
830 793 1109 838 sexusnumuxsrs
1285 776 1330 850 [s.
1347 795 1375 838 o.

421 947 549 1013 factoris
571 946 666 1010 vestri
688 959 719 1009 et
745 944 874 1007 Domini
897 943 1030 1028 glorium
1053 943 1262 1019 contrahatis,
1286 966 1377 1029 poenrr

421 1051 553 1136 dignum
564 1063 622 1124 est,
633 1060 664 1111 et
676 1047 888 1132 proculdubio
898 1068 994 1132 poenu
1003 1045 1206 1110 acerbissima
1215 1047 1376 1131 punietur,

421 1155 520 1218 immo
535 1151 675 1214 Domino
697 1149 836 1235 propitio
855 1171 916 1211 non
935 1149 1100 1233 punietur,
1115 1149 1196 1233 quia
1218 1149 1291 1235 ipso
1312 1171 1378 1234 pro·

423 1255 557 1342 pitinate
573 1275 633 1316 non
655 1252 719 1315 fiet.
765 1252 923 1316 Convenit
940 1273 996 1314 vos
1013 1271 1150 1333 sponsus
1167 1251 1311 1314 ecclesiae
1325 1273 1378 1336 per

423 1380 459 1421 os
480 1378 599 1431 meum,
618 1354 767 1418 convenit
791 1366 897 1438 pastor
914 1351 1068 1428 omnium,
1087 1353 1239 1439 princeps
1256 1367 1378 1439 sposto-

424 1460 539 1536 lorum,
553 1462 677 1535 Petrus,
689 1469 837 1540 rogantes
851 1456 1015 1531 attentius,
1029 1471 1064 1518 ut
1075 1457 1100 1519 si
1117 1477 1171 1518 eos
1183 1455 1380 1542 principatus

425 1561 521 1625 vestri
544 1558 659 1623 habere
677 1559 776 1622 vultis
798 1571 960 1644 patronos,
979 1574 1011 1622 et
1030 1556 1207 1644 adjutores,
1224 1571 1379 1642 pastorem

424 1666 458 1728 in
473 1663 605 1729 ecclesio
616 1662 787 1725 Exoniensi
804 1661 977 1724 secundum
993 1661 1168 1724 Dominum
1182 1658 1291 1725 velitis
1301 1658 1380 1723 ordi·

427 1768 507 1842 neri,
522 1779 554 1831 et
572 1764 703 1827 eandem
725 1764 766 1827 de
786 1776 875 1827 tanto
893 1764 1061 1846 naufragio
1079 1765 1204 1849 eripere
1220 1760 1381 1826 studeatis

427 1869 533 1934 Prima
542 1867 682 1931 omnium
694 1880 752 1941 est,
762 1867 813 1928 cui
826 1866 1033 1951 prospexistis
1042 1866 1074 1928 in
1087 1888 1195 1949 reguo.
1221 1864 1384 1944 Attendrt,

427 1971 452 2034 si
468 1969 581 2056 placet,
597 1968 740 2050 dignatio
755 1980 860 2032 vestra
881 1968 962 2054 quid
985 1969 1026 2032 sit
1041 1968 1157 2032 exinde
1179 1982 1383 2055 consequuta

429 2072 540 2135 Nostis
561 2093 642 2155 qnos
660 2069 796 2132 exclusit
812 2072 853 2134 ab
876 2071 1016 2146 ecclesis,
1033 2071 1089 2157 qui
1111 2085 1144 2135 et
1164 2071 1382 2136 columbarum

429 2171 609 2236 venditores
623 2172 726 2256 ejecit,
742 2185 773 2235 et
790 2172 872 2236 absit
890 2186 925 2237 ut
940 2175 1111 2259 quisquam
1127 2174 1279 2250 introeat,
1295 2196 1383 2260 quem

430 2273 579 2338 Christus
594 2273 734 2338 exclusit.
769 2278 958 2359 Sponsorem
971 2298 1020 2338 me
1035 2298 1095 2362 pro
1107 2279 1206 2341 Petro
1217 2276 1384 2352 constituo,

433 2376 509 2461 quia
524 2376 625 2439 honor
642 2398 738 2460 quern
754 2377 782 2439 ei
803 2377 1007 2451 exhibebitis,
1024 2378 1116 2442 vobis
1136 2379 1233 2442 etism
1255 2383 1287 2443 in
1311 2401 1386 2464 pre·

431 2478 512 2543 senti
524 2477 708 2564 centuplata
723 2479 868 2542 mercede
882 2479 1046 2564 rependet.
1077 2480 1128 2545 Ad
1143 2480 1214 2545 haec
1229 2481 1256 2546 si
1271 2503 1387 2546 morem

432 2577 569 2642 feceritis
589 2577 778 2663 longiorem,
794 2579 844 2642 vel
859 2580 1118 2644 archidiaconum
1138 2604 1259 2662 meum,
1275 2583 1301 2646 si
1318 2600 1386 2646 cum

433 2678 640 2744 indemnitate
656 2694 762 2744 vestre
776 2680 844 2744 fieri
861 2694 977 2767 potest,
994 2683 1072 2747 mihi
1089 2685 1211 2750 remitti
1227 2706 1348 2769 quaeso.

523 2940 744 3005 EPISTOLA
768 2941 956 3003 LXV.-xo
973 2960 1146 3004 nrrscoros
1161 2962 1308 3006 xuocrrs.

444 3123 849 3207 Venerabilibussrotribus
863 3127 1024 3207 episcopis,
1040 3132 1070 3187 et
1092 3126 1255 3191 universis
1275 3129 1392 3192 Christi

526 3225 690 3306 fidelihus,
704 3246 763 3307 per
779 3227 930 3307 Angliom
946 3230 1129 3290 mnrtltutis
1142 3230 1293 3293 salutem.

483 3384 661 3461 Emrrrr,
678 3398 714 3448 ut
734 3384 880 3460 audistis,
896 3384 995 3449 hostis
1010 3387 1162 3470 antiquus
1177 3388 1392 3473 integritatem

438 3484 591 3561 ecclesiae,
614 3499 646 3549 et
669 3486 819 3551 omnibus
841 3487 976 3551 fallaciae
997 3501 1028 3551 et
1052 3490 1206 3574 nequitiae
1228 3513 1298 3555 suae
1319 3492 1395 3556 inni·

442 3602 512 3653 teus
527 3588 661 3664 viribus,
672 3588 870 3654 insolubilem
886 3591 1006 3654 findere
1022 3591 1151 3655 molitus
1165 3606 1214 3657 est
1231 3594 1395 3659 unitatem.

443 3695 606 3759 Caeterum
621 3692 699 3756 foris
714 3704 761 3754 est
782 3692 965 3756 indeficiens
985 3693 1097 3780 pietus,
1114 3698 1197 3759 sicut
1220 3696 1262 3760 ud
1284 3696 1397 3783 probu-

443 3795 559 3858 tionem
589 3790 729 3856 fidelium
764 3792 917 3876 procellas
946 3794 1102 3879 proevidet
1139 3795 1327 3875 eminentes,
1356 3796 1398 3860 itu

444 3896 569 3959 easdem
585 3909 780 3979 emergentes
795 3909 826 3959 et
838 3892 1063 3960 invalescentes
1075 3898 1106 3959 in
1121 3920 1214 3961 usum
1227 3899 1397 3965 electorum

445 3996 563 4059 salubri
579 3995 813 4079 dispensatione
827 4011 1057 4083 contemperat:
1083 4014 1118 4064 ut
1135 4001 1191 4085 qui
1207 4002 1400 4067 erudiuntur

448 4097 481 4159 in
495 4117 599 4181 poens,
617 4095 743 4176 probati
768 4119 825 4180 per
848 4101 1068 4182 poenitentium
1089 4117 1294 4167 coronentur.
1340 4103 1400 4181 Qui

449 4220 526 4282 ergo
548 4217 567 4257 a
589 4195 710 4259 malitia
729 4196 976 4264 inhabitantium
1000 4223 1091 4265 suam
1112 4205 1237 4268 turbari
1263 4202 1400 4291 permisit

449 4298 623 4375 ecclesiam,
637 4321 705 4361 eam
727 4301 866 4384 praecisis
882 4304 1030 4367 membris
1047 4305 1201 4389 putridis,
1216 4308 1286 4391 jam
1303 4307 1401 4371 immi·

452 4416 545 4467 neute
560 4423 615 4487 spe
630 4401 716 4486 pucis
733 4401 844 4488 incipit
859 4426 1014 4481 serenare,
1029 4419 1060 4469 et
1080 4407 1111 4469 in
1128 4410 1235 4493 cupite
1253 4410 1402 4482 ecclesie,
