3034 5500
281 754 480 838 1159-64]
676 772 856 819 aersronra.
871 728 874 733 ⁵
1175 761 1233 823 121

276 949 415 1013 cumque
427 924 490 989 sibi
501 946 558 1009 per
574 935 605 987 te
621 923 703 987 forte
718 921 825 987 ablata
840 934 925 998 sunt,
936 922 1064 986 omnino
1078 924 1235 1006 absolvas,

276 1045 306 1094 et
327 1029 468 1093 liberum
493 1026 582 1092 abire
604 1027 782 1111 permittas.
828 1023 925 1098 Quod
941 1028 967 1090 si
992 1025 1119 1090 effectui
1146 1050 1234 1092 man-

275 1130 380 1217 cipare
410 1128 602 1214 neglexeris,
633 1126 812 1211 neglectum
843 1139 935 1190 tuum
966 1149 1028 1189 non
1055 1129 1233 1213 poterimus

276 1231 410 1297 tolerare
420 1230 628 1316 impunitum.
673 1227 728 1291 Ad
743 1242 915 1292 nosautem
932 1229 976 1292 sic
991 1227 1074 1291 idem
1087 1231 1232 1316 pontifex

277 1334 415 1419 scripsit,
427 1333 511 1412 sicut
523 1354 561 1394 ex
577 1329 766 1415 transcripto
777 1330 953 1395 litterarum
966 1344 1146 1396 nostrarum
1157 1356 1233 1419 cog·

277 1457 406 1499 noscere
421 1433 580 1521 poteritis.

323 1533 507 1600 Venerabili
524 1532 615 1597 fratri
631 1544 740 1597 nostro
763 1533 905 1597 Henrico
919 1532 1131 1599 Wintouiensi
1153 1536 1235 1622 epis-

279 1661 359 1725 eopo
381 1659 441 1722 per
462 1634 636 1722 apostolica
658 1634 778 1719 scripta
799 1634 1014 1719 praecipiendo
1036 1634 1236 1716 mandamus,

280 1738 435 1826 quatinus
465 1738 510 1800 H.
539 1735 579 1800 de
611 1733 833 1800 Hameledona
855 1736 990 1799 'omnino
1018 1735 1174 1816 absolvat,
1203 1751 1235 1803 et

280 1840 420 1905 liberum
435 1837 520 1902 abire
535 1836 711 1923 permittat.
757 1835 852 1910 Quod
870 1835 895 1900 si
915 1836 1041 1901 effectui
1058 1838 1236 1924 mancipare

282 1940 469 2026 neglexerit,
494 1938 695 2025 praesentium
727 1937 916 2003 auctoritate
947 1937 1005 2003 tibi
1035 1940 1233 2017 mandamus,

282 2040 370 2129 quod
393 2041 528 2106 eundem
552 2040 683 2105 fratrem
707 2051 850 2104 nostrum
875 2039 914 2104 ad
938 2040 1171 2107 absolutionem
1200 2058 1233 2109 et

280 2142 500 2208 liberationem
526 2141 626 2227 ipsius
643 2142 787 2223 Homini,
799 2141 940 2206 districte
957 2143 1025 2207 vice
1039 2157 1146 2209 nostra
1161 2167 1234 2210 con-

283 2245 428 2328 stringas.

325 2348 394 2411 Nos
408 2368 486 2432 ergo
498 2345 649 2409 mandato
664 2343 849 2429 apostolico,
866 2359 902 2410 ut
913 2349 1068 2432 oportuit,
1085 2364 1235 2437 prompta

281 2448 449 2514 devotione
461 2460 621 2533 parentes,
636 2449 877 2533 procuravimus
893 2463 929 2535 ut
941 2450 1131 2536 saepedictus
1145 2454 1234 2516 Heu·

282 2552 379 2631 ricus,
395 2563 428 2615 et
442 2550 485 2614 ab
500 2562 625 2615 extorta
639 2548 834 2635 obligatione
849 2550 1026 2626 absolutus,
1042 2565 1073 2616 et
1088 2555 1235 2620 custodia

283 2676 349 2739 qna
372 2665 481 2717 tentus
491 2651 608 2732 fuerat,
619 2652 699 2715 liber
713 2668 805 2733 esset,
820 2665 852 2717 et
870 2654 1005 2737 praefato
1019 2653 1110 2719 fratri
1126 2670 1234 2721 nostro

284 2755 1236 2841 wintoniensisecuudumformamapostolicaepraeceptionis

283 2857 495 2944 injunximus,
519 2868 555 2920 ut
576 2856 605 2919 ei
627 2855 734 2922 ablata
758 2855 865 2920 omnia
886 2877 958 2918 cum
982 2856 1165 2939 integritate
1186 2880 1236 2921 re·

283 2962 414 3023 stituere
428 2979 491 3021 non
507 2956 660 3021 differret.
690 2959 773 3020 Haec
784 2951 871 3036 apud
882 2976 940 3017 nos
955 2968 1045 3039 gesta
1056 2969 1139 3020 sunt.
1171 2958 1235 3023 Vos

284 3060 338 3145 qui
363 3059 549 3124 mandatum
575 3058 769 3144 suscepistis,
793 3068 923 3121 auctore
948 3057 1088 3121 Domino
1114 3059 1236 3145 reliqua

285 3160 457 3226 salubriter
471 3160 657 3245 disponetis.

296 3333 524 3397 EPISTOLA
546 3332 839 3398 LXXXV11.-an
854 3350 1084 3396 acsmunanu
1099 3350 1220 3397 aaran.

330 3450 471 3515 Causast
481 3450 642 3535 quaeinter
651 3452 814 3534 Rogerum
828 3449 1051 3535 presbyterum
1062 3448 1101 3513 de
1113 3450 1236 3536 Guign,

286 3564 317 3616 et
332 3552 527 3616 abbatissam
548 3551 588 3615 de
612 3550 789 3637 Berlinges
813 3552 844 3615 in
867 3550 1027 3616 auditorio
1049 3555 1236 3620 venerabilis

287 3653 396 3719 fratris
412 3655 513 3717 nostri
529 3653 759 3718 londoniensis
771 3653 909 3739 episcopi
922 3653 1043 3718 diutius
1055 3677 1150 3741 quam
1163 3680 1237 3721 con-

287 3755 434 3820 veniebat
450 3755 604 3819 ventilata
618 3768 678 3832 est,
700 3778 801 3840 quum
823 3755 851 3819 ei
874 3754 1051 3820 diffinitivae
1073 3758 1237 3824 sententiae

287 3856 427 3923 calculus
442 3856 632 3932 immineret,
647 3857 808 3921 abbatissa
822 3880 896 3943 quae
918 3859 1164 3924 conveniebatur
1184 3884 1237 3925 su·

288 3982 344 4045 per
369 3959 483 4024 illicita
510 3959 717 4046 usurpatione
739 3959 952 4045 quorumdam
974 3963 1238 4045 parochianorum

287 4075 318 4127 et
331 4063 530 4127 decimarum
552 4062 592 4125 ad
617 4060 778 4125 ecclesiam
795 4061 836 4125 de
859 4062 978 4148 Guiga,
1001 4076 1038 4128 ut
1060 4063 1238 4143 dicebatur,

286 4164 525 4250 pertinentium,
541 4164 581 4227 ad
596 4176 735 4228 nostram
747 4164 940 4228 audientiam
957 4165 1140 4251 appellavit.
1163 4170 1239 4232 Post

287 4268 404 4331 multas
419 4267 531 4351 itaque
546 4265 713 4331 dilationes
733 4290 815 4353 quas
839 4267 933 4332 variis
953 4268 1169 4332 occasionibus
1183 4268 1239 4330 ab·

287 4367 405 4435 batissa
420 4368 614 4445 obtinuerat,
630 4370 844 4454 peremptoria
865 4368 915 4432 die
931 4368 1062 4452 praefixa
1085 4366 1239 4452 partibus,
