3034 5500
411 745 453 801 42
667 756 804 801 rossum
820 756 1099 805 samsnnmnnars
1270 739 1315 819 [a.
1332 759 1361 803 n.

411 906 638 992 archiepiscopi
661 908 706 971 eis
730 906 771 970 de
795 906 934 971 ecclesiis
962 907 994 970 in
1021 907 1239 973 testimonium
1266 906 1361 972 dona-

410 1008 504 1072 tionis
525 1008 721 1086 collocatam,
744 1008 918 1073 auctoritas
941 1008 1061 1074 calixti
1084 1031 1187 1096 papae,
1204 1010 1262 1096 qui
1285 1026 1360 1074 tunc

410 1110 560 1196 temporis
574 1125 691 1176 sanctae
701 1114 855 1176 Romanae
865 1111 1005 1177 ecclesiae
1016 1111 1149 1177 feliciter
1158 1111 1360 1199 praesidebat,

408 1233 467 1275 suo
495 1212 662 1300 privilegio
698 1212 832 1300 dignum
869 1212 965 1279 duxit
993 1214 1152 1279 roborare.
1214 1214 1358 1280 Genibus

407 1314 518 1401 itaque
533 1316 707 1402 majestatis
721 1331 836 1381 vestrae
858 1315 1031 1402 provoluti,
1047 1339 1107 1403 pro
1125 1317 1284 1383 fratribus
1293 1318 1358 1403 jam

406 1415 502 1482 dictae
523 1416 661 1484 ecclesiae
682 1432 713 1484 et
737 1441 810 1483 cum
830 1418 876 1482 eis
894 1417 1112 1505 supplicamus
1133 1419 1302 1496 attentius,
1323 1429 1357 1482 ut

406 1518 553 1585 abbatem
584 1519 712 1585 illorum
742 1519 784 1583 ad
810 1519 965 1584 auxilium
993 1519 1219 1587 misericordiae
1245 1532 1357 1585 restra

406 1619 642 1706 confugientem
664 1621 813 1706 benigne,
834 1624 859 1684 si
882 1620 998 1706 placet,
1013 1621 1203 1698 admittatis,
1218 1634 1251 1687 et
1271 1620 1357 1706 quod

406 1720 529 1786 tamdiu
546 1721 767 1807 possederunt,
782 1721 971 1785 auctoritate
985 1721 1158 1807 apostolica
1173 1723 1357 1786 roboratum

405 1822 446 1887 de
461 1836 576 1888 coetero
591 1823 699 1910 quiete
719 1822 913 1910 possideant,
929 1837 967 1888 ut
980 1823 1179 1889 orationibus
1194 1846 1235 1888 ex
1250 1820 1357 1888 debito

406 1946 465 2010 pro
495 1928 640 1989 Romano
669 1924 820 2010 pontifice
845 1922 996 1991 faciendis
1025 1925 1198 2010 expeditis,
1223 1921 1356 2010 negotiis

406 2026 472 2090 suis
487 2025 629 2103 liberius,
645 2039 677 2090 et
692 2026 899 2091 effectuosius
912 2026 1038 2092 valeant
1051 2026 1228 2112 invigilare.
1261 2025 1358 2090 Char-

407 2139 455 2190 taa
470 2138 591 2203 autem,
606 2149 744 2212 quarum
766 2127 918 2214 rescripta
933 2127 1024 2193 vobis
1043 2128 1168 2214 signata
1191 2128 1355 2200 mittimus,

405 2226 554 2306 vidimus,
570 2227 718 2291 manibus
733 2228 849 2292 nostris
865 2229 1081 2295 tractavimus.

595 2425 818 2490 EPISTOLA
840 2427 1001 2489 XL-en
1015 2444 1169 2490 nornen.

720 2551 906 2615 Amanum
920 2553 1035 2636 Papae.

445 2680 550 2753 Qoou
562 2677 645 2742 inter
654 2674 807 2740 moniales
818 2675 858 2739 de
870 2676 982 2741 Gisam
1000 2691 1032 2742 et
1049 2681 1087 2743 B.
1097 2675 1352 2742 archidiaconum

402 2781 636 2847 Norwiceuaem
656 2801 752 2865 super
772 2777 902 2844 ecclesia
924 2777 965 2843 de
987 2780 1124 2845 Nentoo.
1140 2779 1352 2845 controversia

402 2896 562 2971 ageretur,
574 2881 779 2948 Baldewinus
790 2883 822 2946 in
834 2880 965 2946 modum
976 2881 1172 2967 exceptionis
1182 2880 1349 2955 bonorum,

402 3008 475 3071 quoe
495 2985 556 3050 sibi
576 3007 595 3048 a
618 2982 808 3048 monialibus
826 2982 933 3047 ablata
951 2981 1090 3062 dicebat,
1105 2982 1350 3057 restitutionem,

400 3099 571 3172 antequam
585 3083 625 3148 ad
641 3106 766 3150 causam
784 3083 989 3169 principalem
1005 3084 1199 3160 aocederem,
1209 3083 1271 3150 sibi
1285 3083 1351 3147 fieri

400 3185 585 3271 postulavit.
631 3185 681 3250 Ad
704 3184 773 3249 haec
796 3185 981 3251 monialium
1004 3198 1238 3273 procuratores,
1255 3183 1351 3250 eccle-

401 3286 478 3350 siam
493 3308 582 3351 suam
599 3309 618 3352 a
634 3286 818 3351 Baldewioo
833 3309 917 3374 saepe
932 3287 1106 3375 plurimum
1124 3287 1243 3373 injuste
1259 3308 1352 3351 rexa-

400 3405 463 3453 tam
480 3389 705 3474 querebantur,
718 3402 751 3453 et
767 3411 801 3452 se
816 3388 1090 3475 tergiversationes
1108 3390 1179 3476 ejus
1194 3389 1352 3453 sustinere

399 3512 461 3555 non
477 3512 580 3577 posse,
596 3514 697 3580 quum
718 3490 789 3556 illas
809 3489 840 3552 in
862 3491 1010 3575 partibus
1025 3490 1090 3556 suis
1112 3487 1351 3576 deprehendere

398 3616 492 3658 neruo
516 3594 661 3661 sufficiat.
713 3593 793 3657 Ideo
814 3591 986 3660 adsedem
1012 3590 1219 3680 apostolicam
1244 3590 1349 3677 ipsum

398 3696 652 3784 appellaverunt,
663 3695 747 3760 diem
764 3692 967 3780 praefigeutes
978 3694 1231 3781 purificationem
1248 3691 1351 3756 beatae

398 3796 539 3879 Virginis
554 3798 677 3861 Mariae.

576 4009 797 4074 EPISTOLA
822 4012 1002 4075 XLl-ao
1017 4028 1170 4073 annona.

714 4136 901 4199 Alauondro
919 4138 1030 4217 Papo.

439 4261 604 4324 Eccnnsm
636 4256 828 4321 Morinensia
862 4258 911 4323 his
945 4259 1001 4343 qui
1038 4280 1107 4322 eam
1147 4257 1351 4342 impugnant,

395 4373 504 4425 sancto
528 4356 676 4443 episcopo
704 4359 837 4433 Milone,
863 4372 954 4444 patre
983 4358 1117 4444 optimo,
1146 4356 1349 4434 destitutam,
