3034 5500
288 774 395 854 llud]
674 793 852 837 erismae.
1174 772 1236 840 ‘287'

284 963 345 1023 ego
361 964 420 1025 pro
438 942 501 1004 fide
518 954 550 1004 et
565 945 732 1006 affectione
750 966 845 1026 quam
861 945 965 1008 habeo
988 945 1029 1008 ad
1046 967 1111 1022 ros,
1127 960 1159 1008 et
1180 967 1237 1029 pro

283 1043 459 1105 reverentia
469 1043 638 1105 venerandi
650 1057 682 1106 et
694 1045 738 1127 pii
752 1046 850 1128 patris
859 1046 960 1108 nostri
971 1047 1056 1109 beati
1063 1048 1236 1125 Samsonis,

283 1143 345 1205 hoc
369 1144 460 1206 robis
484 1166 578 1226 quem
603 1145 696 1208 rideo
718 1147 750 1207 iu
776 1149 885 1209 multis
908 1147 1142 1223 labefactatum,
1166 1168 1238 1231 pro·

284 1263 382 1322 pono,
398 1256 433 1305 ut
448 1243 652 1304 memineritis
669 1245 766 1306 vestri
776 1258 807 1306 et
819 1246 929 1321 nostri,
945 1247 1000 1329 qui
1013 1247 1103 1308 robis
1112 1268 1237 1329 semper

283 1343 396 1405 fideles
420 1345 604 1406 extitimus:
639 1366 691 1420 ne,
713 1344 800 1427 quod
826 1347 918 1421 absit,
942 1347 1149 1428 probabiliter
1171 1348 1236 1412 dici

284 1446 396 1526 possit,
406 1466 465 1506 nos
482 1445 558 1506 vitio
573 1445 810 1525 ingratitudinis
822 1447 973 1508 laborare.
1006 1448 1113 1518 Quum
1128 1460 1236 1511 autem

284 1545 451 1618 redieritis,
468 1567 533 1608 non
555 1545 738 1627 displicebit
759 1546 864 1617 nobie,
881 1547 908 1607 si
932 1548 1068 1609 feceritis
1091 1548 1131 1610 de
1154 1550 1235 1611 min-

283 1645 390 1708 isterio
413 1661 516 1709 vestro
540 1646 628 1729 qnod
652 1660 786 1708 vestram
811 1646 935 1723 deceat,
955 1660 986 1709 et
1007 1663 1146 1710 nostram
1170 1671 1234 1712 non

286 1746 439 1810 dedeceat
454 1750 664 1811 honestatem.
696 1750 781 1810 Nam
797 1749 830 1810 in
847 1750 896 1811 his
913 1772 984 1832 qnae
1001 1750 1116 1812 honori
1132 1764 1235 1813 restro

285 1848 478 1925 conducent,
500 1871 559 1912 nos
584 1850 779 1932 beneplaciti
803 1852 908 1926 vestri,
933 1852 1020 1933 quod
1048 1853 1235 1934 poterimus,

285 1947 442 2012 habebitis
472 1951 642 2032 adjutores.
692 1950 743 2013 ud
769 1951 830 2014 hoc
861 1953 974 2016 inritat
999 1951 1091 2026 fides,
1122 1953 1237 2016 suadet

286 2051 421 2128 affectio,
437 2052 493 2114 sed
510 2054 644 2115 Samson
661 2053 713 2114 illu
730 2054 907 2136 compellit,
924 2057 1015 2117 cuius
1031 2056 1183 2118 memoria
1201 2056 1235 2117 in

286 2150 508 2215 benedictione
525 2165 580 2215 est.

315 2416 534 2480 EPISTOLA
568 2416 879 2479 CLXXVlll.-an
910 2436 1202 2482 eanraotorteorr

414 2534 628 2577 exoniensem
646 2533 842 2577 episcorum.
892 2517 974 2596 [ab.
995 2520 1104 2598 1166.]

585 2653 726 2714 Domino
739 2653 930 2715 anrrieuri.

326 2766 386 2827 Me
402 2785 497 2827 eausa
512 2762 629 2845 deplex
646 2762 928 2844 impraesentiarum
949 2764 1077 2846 impulit
1097 2766 1137 2828 ad
1160 2770 1237 2831 scri-

283 2866 435 2940 bendum,
449 2875 516 2926 tum
539 2884 579 2925 ne
601 2876 715 2945 praeter
738 2862 1005 2928 cousuetudinem
1029 2866 1098 2927 sine
1121 2867 1236 2931 litteris

283 2967 369 3029 abire
385 2967 487 3049 patiar
502 2966 642 3047 aliquem
659 2964 699 3026 ad
717 2985 774 3026 ros
790 2963 830 3025 de
853 2985 923 3027 mea
943 2967 1142 3030 conscientia
1163 2990 1235 3051 pro÷

283 3066 492 3141 ficisceutem,
515 3077 582 3126 tum
607 3076 642 3126 ut
663 3064 786 3136 amieis,
810 3083 943 3146 quorum
968 3066 1121 3128 voluntati
1145 3069 1237 3131 satis·

284 3167 350 3229 fieri
368 3187 424 3248 par
439 3176 497 3241 est,
512 3187 630 3228 morem
647 3186 766 3245 geram.
808 3166 985 3227 Voluerunt
1000 3165 1085 3226 euim
1102 3167 1234 3230 latorem

283 3267 488 3351 praesentium
518 3289 537 3329 a
569 3268 717 3329 Deronia
748 3265 931 3343 oriundum,
960 3278 996 3328 ut
1025 3269 1144 3345 asserit,
1175 3269 1235 3331 etsi

283 3370 371 3432 credi
394 3370 494 3451 possit
516 3390 589 3430 eum
611 3369 651 3430 ab
673 3367 878 3431 ulterioribus
901 3367 1105 3430 convicaneis
1125 3371 1237 3432 restris

283 3471 369 3532 circa
398 3482 538 3530 montem
570 3468 655 3529 beati
677 3466 873 3545 Archangeli
902 3466 934 3526 in
966 3467 1039 3527 sinu
1069 3464 1235 3532 Armorica

284 3569 607 3649 traxisseoriginem,
622 3567 807 3650 paternitati
831 3579 954 3642 vestrae,
969 3589 1048 3628 meae
1071 3569 1237 3650 parvitatis

281 3672 400 3745 officio,
416 3669 647 3742 commendari,
668 3681 778 3752 utpote
802 3690 897 3751 quem
920 3668 954 3729 in
977 3689 1061 3750 pago
1083 3670 1236 3731 Remensi

282 3791 337 3851 per
352 3790 454 3831 annos
466 3768 672 3831 laudabiliter
688 3781 720 3829 et
735 3768 806 3829 siue
823 3768 954 3848 querela
969 3767 1139 3851 perhibent
1157 3790 1234 3831 con·

281 3881 449 3933 versatum.
492 3871 563 3932 lllis
577 3871 686 3951 itaque
702 3869 901 3930 satisfaciens
915 3868 1025 3950 pietati
1042 3880 1154 3929 restrae
1171 3880 1235 3931 tam

281 3993 418 4047 securas,
436 3994 531 4055 quam
555 3972 694 4033 sinceras
709 3970 838 4052 porrigo
854 3990 976 4051 preces,
991 3991 1088 4053 quum
1109 3972 1235 4053 pridem

281 4086 313 4135 et
327 4095 430 4135 rerum
446 4073 645 4155 experientia
660 4085 693 4134 et
708 4070 858 4133 condicto
874 4071 950 4132 mihi
967 4071 1051 4133 sicut
1075 4083 1108 4133 et
1128 4074 1237 4135 multis

276 4189 402 4238 constet
416 4173 638 4236 discretionem
656 4187 791 4234 vestram
808 4168 899 4250 legis,
912 4191 983 4252 quae
999 4168 1083 4232 iuter
1100 4174 1237 4242 amieos,

278 4290 341 4337 tam
362 4274 520 4356 aequitatis
543 4294 638 4334 suasu
661 4293 756 4354 quam
781 4271 911 4333 decreto
935 4270 1231 4352 philosophantium

280 4376 404 4438 sancita
416 4386 474 4450 est,
483 4394 548 4435 nou
561 4394 631 4435 ease
644 4373 800 4453 ignarum.
824 4373 875 4432 Ea
887 4380 991 4431 autem
1006 4381 1064 4444 est,
1077 4380 1110 4429 ut
1124 4369 1238 4433 melius
