3034 5500
264 745 327 804 948
521 757 959 805 uomuissaassaamsusrs
1131 743 1176 823 [a.
1191 758 1216 803 rt

263 915 373 991 exilio,
396 913 452 976 sed
475 925 634 976 memento
662 913 736 995 quia
767 909 853 974 nihil
880 913 1056 977 intulimus
1079 913 1112 975 in
1138 911 1215 974 hunc

261 1015 426 1091 mundum,
443 1014 499 1077 sed
515 1036 575 1078 nec
595 1016 764 1077 efferemus
787 1014 934 1097 quidem.
982 1017 1076 1079 Deus
1096 1035 1213 1079 causam

254 1117 423 1202 justificet,
438 1115 588 1199 quoniam
610 1129 642 1177 et
664 1136 723 1196 ego
747 1114 884 1179 confido
900 1115 1027 1200 justam
1050 1138 1133 1192 esse,
1147 1115 1215 1200 quis

260 1218 402 1281 conditio
433 1237 503 1280 mea
528 1236 594 1277 non
624 1214 720 1277 modo
747 1215 826 1278 mihi
860 1217 1040 1280 tolerabilis
1068 1229 1134 1292 est3
1164 1215 1215 1279 sed

255 1318 412 1404 jucunda,
435 1318 609 1401 praesettim
630 1338 729 1399 quum
753 1317 797 1379 ad
820 1339 955 1381 causam
979 1319 1138 1402 respiciot
1159 1337 1213 1379 occ

259 1419 335 1483 dico
351 1421 428 1502 quin
451 1419 604 1482 amariora
623 1418 804 1496 meruerim,
819 1417 880 1481 sed
902 1420 961 1482 illa
985 1419 1067 1482 mihi
1082 1440 1102 1482 a
1116 1439 1214 1500 perse-

259 1534 395 1606 quutore
431 1543 496 1584 non
526 1532 740 1605 opponuntur,
770 1519 828 1584 sed
864 1531 1040 1604 peccatum
1077 1522 1212 1606 punitm.

261 1621 438 1704 Flagellum
474 1620 673 1704 purgationis
702 1641 781 1684 mem
818 1630 984 1702 gratanter
1020 1623 1163 1705 excipio,
1189 1620 1213 1684 si

259 1725 415 1807 probatur
435 1723 600 1808 patientia,
615 1742 706 1804 spero
726 1723 804 1806 quia
821 1723 974 1805 proficiet
988 1724 1033 1788 ad
1047 1745 1212 1788 coronam:

259 1826 287 1889 si
302 1827 349 1889 sic
365 1839 400 1888 ut
415 1825 563 1908 superbia
577 1833 756 1887 conteratur
770 1822 909 1907 affligor,
920 1808 994 1889 scio
1011 1827 1090 1908 quia
1104 1824 1214 1889 devota

259 1925 422 1989 humilitas
451 1924 640 1988 conscendit
668 1923 708 1988 ad
738 1924 883 2006 gloriam.
941 1927 1084 1992 Constat
1112 1937 1211 1991 autem

257 2027 347 2111 quod
362 2048 457 2090 omne
472 2028 632 2108 flagellum
651 2025 784 2111 prodest
805 2027 953 2110 patienti,
970 2028 1062 2113 quod
1083 2028 1126 2092 ad
1139 2049 1211 2093 con·

256 2141 411 2211 temptum
432 2126 542 2191 mundi
558 2138 590 2191 et
605 2129 753 2192 virtutum
776 2130 934 2194 exercitia
948 2127 1059 2196 reddit
1072 2132 1209 2196 animum

256 2228 445 2310 proniorem.
491 2227 526 2291 Si
546 2228 632 2290 enim
655 2227 784 2292 indurat
806 2231 948 2293 animum
969 2233 1147 2297 acerbioris
1161 2253 1210 2314 ge·

256 2329 370 2392 hennae
385 2329 541 2403 stimulus,
552 2329 662 2414 opinio
674 2330 839 2394 bmtorum
854 2333 1026 2397 hominum
1042 2347 1093 2398 est
1106 2334 1213 2398 merita

256 2452 297 2494 ex
313 2431 480 2495 eventibus
495 2451 565 2494 csse
580 2432 759 2515 pensanda,
771 2455 871 2517 quum
881 2433 965 2518 justi
981 2436 1048 2499 sint
1061 2436 1170 2521 impiis
1182 2437 1213 2499 iu

257 2532 398 2596 derisum
423 2546 456 2596 et
478 2532 719 2596 similitudinem
747 2535 952 2618 improperii3
987 2538 1048 2602 sed
1079 2550 1211 2622 expects

256 2636 416 2701 modicum
429 2651 461 2700 et
474 2687 480 2699 .
493 2686 498 2700 .
511 2683 519 2698 .
532 2686 539 2699 .
555 2638 651 2700 etiam
663 2648 828 2720 respectus
840 2660 951 2702 eorum
963 2653 997 2704 et
1008 2641 1139 2705 interim
1149 2663 1210 2704 non

256 2752 306 2804 est
316 2761 381 2823 pax
392 2740 515 2824 impiis;
531 2751 563 2803 et
577 2738 761 2823 aequissimo
778 2739 841 2804 Dei
851 2739 980 2826 judicio
995 2756 1212 2829 persecutores

250 2842 384 2927 justitiae
413 2863 433 2905 a
462 2864 495 2906 se
531 2839 669 2904 invicem
707 2841 926 2919 colluduntur,
956 2856 1209 2929 presumuntur,

254 2946 496 3027 contiiuguntur
518 2956 550 3007 et
572 2955 713 3026 pereunt.
757 2945 871 3007 Justus
895 2959 1006 3011 autem
1029 2950 1128 3012 etiam
1142 2947 1209 3010 dor·

254 3046 356 3108 miens
372 3045 413 3108 de
428 3044 567 3107 inimicis
586 3045 651 3107 suis
674 3055 763 3107 tanto
784 3045 966 3127 gloriosius,
981 3061 1107 3133 quanto
1120 3051 1209 3113 inno·

252 3147 376 3210 centius
396 3146 614 3228 triumphabit.
669 3146 749 3218 Quis
772 3149 914 3229 speravit
939 3150 973 3212 in
999 3151 1156 3230 Domino,
1178 3161 1208 3214 et

251 3245 423 3308 derelicms
438 3242 509 3309 est?
533 3257 691 3329 quaeretur
711 3249 751 3310 ab
773 3247 865 3310 initio
888 3252 1056 3331 temporis,
1071 3252 1130 3316 sed
1148 3273 1205 3315 nec

251 3346 284 3407 in
300 3344 473 3407 novissimo
489 3345 542 3408 dio
559 3346 676 3428 poterit
691 3348 829 3430 reperiri.

265 3587 486 3652 EPISTOLA
510 3588 736 3653 CLVIl.-an
752 3607 915 3653 monnau
933 3610 978 3655 ns
995 3612 1186 3659 srnsaarm.

620 3690 664 3770 [s.
677 3709 710 3754 n.
729 3690 839 3771 noc]

251 3825 373 3910 Royero
387 3828 427 3891 da
443 3824 624 3901 sideberia,
632 3825 667 3889 J.
681 3827 831 3905 salutem,
843 3835 875 3889 et
886 3828 933 3889 od
947 3837 1101 3911 optatum
1117 3831 1204 3895 tm.

292 3929 446 3993 dictionis
448 3932 616 4012 fractum,
627 3947 736 3990 omues
749 3930 817 3991 alio
831 3930 903 3992 siue
914 3936 1203 4014 prescientiam

287 4032 522 4114 procurrentis
543 4036 604 4092 out
626 4029 862 4112 praepedientis
885 4030 1051 4098 obstaculo
1073 4038 1123 4099 oei
1143 4057 1202 4098 mo

290 4134 385 4195 Iastia
389 4134 543 4216 feliciter
553 4135 744 4216 provenire.

290 4268 412 4345 Sestio,
427 4266 645 4345 dilectissime,
659 4268 737 4348 quia
757 4267 955 4333 desiderium
970 4295 1078 4339 meum
1094 4278 1126 4339 in
1142 4276 1199 4340 hac

244 4390 278 4434 re
293 4370 388 4434 facile
411 4367 646 4453 adimplebitur,
669 4370 731 4432 nisi
753 4370 834 4436 forte
858 4373 930 4437 Ric.
955 4373 996 4437 de
1021 4377 1199 4456 Sideberia,
