3034 5500
413 782 476 843 228
671 799 810 843 roaunts
824 797 1113 844 maurannetus
1286 782 1332 857 [a.
1347 798 1374 842 o.

414 949 561 1012 heresim
588 949 771 1013 damnatam
797 949 957 1028 inciderit,
978 949 1173 1034 praestando
1200 950 1374 1034 imperatori

415 1051 606 1132 sacrilegum
621 1063 869 1127 sacramentum,
879 1063 913 1115 et
926 1053 1187 1117 communicavit
1196 1052 1375 1117 Coloniensi

416 1152 631 1230 schismatico,
645 1165 678 1217 et
698 1166 812 1218 contra
826 1154 1015 1234 mandatum
1030 1153 1160 1218 domini
1184 1175 1281 1239 pape
1295 1176 1375 1218 usur·

416 1253 503 1335 pavit
514 1252 706 1317 decanatum
718 1253 972 1318 saresberiensis
983 1256 1149 1318 ecclesie.
1189 1256 1264 1319 Has
1278 1266 1374 1318 autem

415 1374 530 1417 causas
555 1356 705 1437 allegavit
728 1356 763 1418 in
793 1357 917 1440 pulpito
942 1355 976 1418 in
1003 1356 1120 1419 auditu
1146 1355 1305 1430 omnium,
1325 1356 1374 1437 qui

416 1455 574 1520 Vizeliaci
589 1456 630 1521 de
646 1457 780 1521 dirersis
802 1458 987 1522 nationibus
1001 1456 1046 1521 ad
1066 1458 1156 1521 diem
1171 1458 1289 1520 sesmm
1304 1477 1374 1519 con·

418 1569 577 1621 venerant
623 1555 750 1622 Ibidem
784 1560 879 1622 etiam
908 1559 1057 1641 allegatis
1087 1559 1188 1621 variis
1216 1557 1322 1621 camis
1347 1570 1376 1619 et

413 1656 514 1740 justia
527 1660 820 1723 excommunicavit
833 1657 1006 1723 Ricardum
1022 1659 1266 1723 Pictarienaem
1280 1657 1376 1720 archi-

419 1759 601 1837 diaconum,
616 1759 792 1824 Ricardum
816 1759 858 1824 de
884 1759 978 1838 Luci,
989 1760 1178 1822 Joceliuum
1195 1758 1238 1822 de
1254 1759 1375 1831 Baillol,

417 1861 617 1925 Randulsum
642 1861 682 1925 de
703 1863 799 1940 Broc,
814 1862 989 1943 Hugonem
1013 1859 1056 1924 de
1081 1862 1207 1924 Sancto
1228 1860 1375 1936 claruet

416 1961 577 2027 'l'homam
592 1963 695 2026 lilium
712 1962 880 2035 Bemardi,
895 1972 929 2026 et
942 1982 1058 2026 omnes
1078 1963 1137 2045 qui
1153 1961 1196 2025 de
1212 1972 1329 2026 cetero
1341 1961 1372 2022 in

416 2065 636 2146 possessiones
657 2078 690 2128 et
711 2068 799 2129 bona
824 2063 1066 2129 Caumariensis
1090 2064 1245 2129 ecclcsiae
1267 2083 1374 2127 manus

416 2164 629 2240 extenderint,
646 2178 682 2229 ut
695 2167 744 2229 eis
760 2169 943 2243 abutantur,
957 2179 1014 2229 aut
1035 2187 1150 2230 eorum
1174 2187 1256 2229 usus
1279 2167 1372 2248 impe·

416 2264 515 2343 diant,
531 2287 666 2351 quorum
681 2267 930 2332 necessitatibus
949 2268 1105 2348 deputata
1125 2278 1213 2331 mut.
1258 2267 1373 2348 Regem

417 2387 503 2444 vero,
525 2388 622 2450 quem
647 2379 721 2430 autc
748 2390 806 2451 per
829 2369 951 2432 litteras
974 2383 1008 2432 et
1033 2369 1174 2445 nuncios
1200 2366 1373 2432 secundum

418 2468 1374 2549 regulametmoremecclesiaevocareratadnfisfactionem,

418 2571 583 2655 publicata
598 2570 767 2634 vocatione
782 2571 823 2634 ad
838 2571 979 2634 fructum
998 2570 1203 2654 poenitentias
1225 2570 1373 2640 inritavit,

419 2673 620 2737 comminans
645 2693 681 2734 so
703 2672 737 2734 in
759 2693 831 2734 eum
861 2674 998 2736 laturum
1025 2673 1223 2736 sententiam
1249 2671 1373 2736 anathe-

421 2777 515 2841 matis
530 2777 563 2840 in
589 2776 688 2848 brevi,
704 2775 768 2837 nisi
792 2775 972 2857 resipuerit,
986 2785 1020 2837 et
1042 2774 1084 2838 de
1108 2776 1210 2838 tantis
1232 2774 1374 2838 adversm

420 2879 590 2945 ecclesiam
615 2878 703 2941 anais
727 2877 935 2940 satisfecerit:
970 2874 1060 2961 quod
1086 2886 1196 2939 tamen
1223 2897 1288 2940 nou
1316 2875 1372 2938 nisi

422 2982 542 3044 invitus
558 2980 663 3052 saciet,
678 3000 739 3041 nec
765 2977 841 3040 novi
864 2977 1004 3061 aliquem
1027 2975 1283 3043 domesticorum
1306 2998 1370 3041 suo

419 3104 501 3158 rum,
516 3082 571 3165 qui
587 3081 629 3144 ad
643 3080 795 3143 lationem
809 3077 907 3164 hujus
921 3079 1093 3142 sententiae
1108 3100 1233 3162 pronus
1247 3081 1299 3144 sit.

464 3183 622 3245 Praeterea
643 3182 798 3264 scriptum
818 3179 910 3258 illud,
925 3180 959 3243 iu
986 3201 1051 3263 quo
1074 3182 1286 3247 continentur
1307 3203 1372 3265 pra·

421 3284 536 3346 ritates
550 3282 794 3364 malignantium
809 3281 961 3346 adversus
975 3282 1161 3361 ecclesiam,
1176 3305 1260 3368 quas
1280 3283 1373 3347 avitas

423 3382 682 3449 consuetudines
703 3380 829 3460 dicunt,
850 3383 982 3466 publice
1005 3381 1248 3458 condemnavit,
1270 3404 1374 3447 omnes

421 3485 580 3549 innodans
600 3485 813 3549 anathematis
828 3485 967 3561 viuculo,
981 3484 1178 3570 quicumque
1201 3484 1244 3550 de
1266 3499 1374 3550 caetero

421 3589 610 3653 auctoritate
638 3588 726 3651 illius
755 3587 865 3669 scripti
891 3599 1029 3664 utentur,
1054 3598 1088 3649 et
1116 3588 1310 3652 nominatim
1337 3588 1374 3650 de

421 3692 557 3757 consilio
583 3691 729 3755 ecclesia
760 3692 929 3763 Romanae,
954 3688 1026 3752 haec
1053 3688 1200 3772 capitula
1225 3689 1376 3774 imprimis

422 3796 572 3858 damnata
597 3804 688 3856 auntz
726 3793 827 3863 Qnon
852 3811 917 3853 non
942 3789 1040 3853 liceat
1063 3791 1223 3875 episcopo
1251 3811 1375 3854 excom

421 3897 585 3960 municarc
607 3895 758 3977 aliquem,
779 3892 836 3976 qui
862 3892 903 3955 de
925 3913 1000 3973 rege
1024 3903 1142 3970 teneat,
1157 3893 1229 3957 sine
1252 3892 1377 3957 lieentia

419 3999 539 4080 ipsius:
575 3998 675 4068 Qoon
689 4015 756 4057 non
771 3995 868 4058 liceat
889 3994 1047 4076 episcopo
1067 4014 1220 4058 coercere
1241 3996 1375 4081 aliquem

419 4099 685 4181 parochianorum
707 4118 837 4160 suorum
865 4118 924 4181 pro
950 4097 1092 4180 perjurio
1114 4098 1167 4159 rel
1192 4097 1260 4161 lide
1284 4099 1374 4162 lasa:

418 4203 517 4275 Qoon
539 4199 581 4264 ad
603 4200 760 4263 secularia
778 4199 905 4282 judicia
931 4198 1095 4262 trahantur
1116 4198 1246 4262 clerici:
1283 4200 1375 4271 Qoon

417 4305 506 4378 laici,
536 4303 603 4364 sive
628 4321 686 4364 rea
716 4301 784 4363 sive
815 4302 909 4379 aliua,
936 4321 1052 4363 causas
1082 4300 1123 4363 de
1152 4301 1302 4365 ecclesiia
1331 4299 1374 4361 rel

419 4404 552 4470 decimis
579 4415 733 4467 tractent:
772 4404 873 4475 Qoon
903 4423 967 4465 non
991 4401 1172 4485 appelletur
1200 4421 1262 4485 pro
1283 4419 1374 4467 auat
