3034 5500
278 769 478 850 lius-ul]
690 787 869 833 aristosa.
1189 780 1230 837 59

276 939 311 1005 Si
326 961 405 1003 vero
416 958 560 1022 unquam
575 936 617 1002 ad
632 937 692 1000 hoc
702 937 901 1024 aspiraverit,
916 962 1025 1004 omnes
1035 962 1118 1026 quos
1135 942 1231 1027 hujus

275 1038 449 1105 moliminis
465 1037 613 1104 habuerit
624 1038 788 1125 adjutores
802 1039 995 1105 anathemati
1013 1041 1232 1127 subjugamus.

277 1140 349 1206 Tibi
362 1163 506 1227 quoque,
519 1138 671 1216 Waltere,
683 1162 722 1203 ne
736 1139 796 1203 hoc
811 1139 918 1216 facias,
929 1163 968 1204 ex
984 1155 1074 1228 parte
1088 1145 1232 1230 omnipo-

279 1244 376 1309 tentis
386 1243 459 1321 Dei,
469 1246 529 1306 sub
539 1241 981 1315 anathemateinterdicimus,
991 1258 1233 1330 etquacuuique

278 1343 1235 1432 diehocattentaveris‚0mnibusfratribusnostrisepiscopis,

279 1461 310 1514 et
329 1447 479 1512 omnibus
501 1445 702 1532 parochianis
720 1460 752 1510 et
776 1446 914 1510 subditis
933 1447 1046 1512 vestris
1065 1449 1097 1512 in
1113 1449 1232 1513 virtute

278 1550 469 1616 obedientiae
480 1548 1233 1636 praecipimus,netibidoneccesse8,etcondigne

280 1650 463 1727 satisfacias,
487 1649 652 1714 ullomodo
674 1647 905 1714 communicare
919 1664 1125 1734 praesumant.
1170 1650 1232 1714 Sed

282 1751 437 1838 ettsiquid
459 1749 657 1814 machinatus
679 1747 780 1812 fueris
796 1748 826 1812 in
842 1747 988 1813 fraudem
1006 1749 1100 1835 hujus
1116 1763 1231 1826 nostrae

285 1852 529 1932 constitutionis,
553 1864 671 1917 tecum
688 1850 838 1914 omnibus
857 1850 1065 1937 complicibus
1085 1852 1149 1916 tuis
1164 1852 1233 1938 jam

286 1956 381 2019 dictae
399 1953 558 2018 senteutiae
580 1951 706 2016 noveris
721 1952 894 2037 subjacere.
941 1951 1015 2016 Noli
1031 1973 1107 2036 ergo
1122 1953 1231 2030 frater,

284 2080 401 2133 errare,
430 2053 505 2132 noli,
536 2059 625 2120 Deus
654 2055 738 2118 enim
769 2076 831 2118 non
862 2054 1024 2134 irridetur,
1058 2054 1112 2119 sed
1151 2055 1233 2121 habe

282 2181 392 2246 pacem
408 2180 479 2223 cum
503 2156 657 2223 fratribus
671 2156 754 2221 tuis:
779 2168 811 2220 et
834 2157 921 2242 quod
936 2157 968 2220 in
985 2179 1042 2221 nos
1057 2157 1232 2222 immeritos

281 2260 457 2347 deliquisti,
474 2257 533 2324 tibi
548 2258 714 2344 indulgeat
730 2261 828 2323 Deus.
874 2262 965 2324 Deus
981 2259 1066 2345 pacis
1081 2273 1113 2324 et
1128 2259 1231 2323 solatii

281 2365 320 2427 sit
328 2362 503 2440 vobiscum,
515 2360 1035 2446 dilectissimefrater‚etnos,quos
1044 2361 1083 2424 sd
1095 2384 1233 2447 praeseus

281 2476 403 2550 separat
420 2463 569 2527 humanae
583 2462 773 2527 conditionis
787 2462 965 2542 infirmitas,
980 2462 1011 2527 in
1028 2476 1146 2528 aeterna
1161 2463 1233 2528 bea-

282 2565 420 2633 titudine
435 2588 541 2631 secum
556 2579 714 2653 perpetuo
730 2564 827 2629 faciat
840 2565 995 2631 exultare.

284 2890 426 2955 EPIST.
449 2890 1008 2956 LVl.-sn1uoaaauummsssu
1025 2907 1223 2955 saiscoeuu.

582 3048 713 3132 Nigcllo
726 3047 857 3112 Elissa·
871 3048 948 3131 epia.

327 3168 399 3235 Nos
421 3190 518 3254 super
539 3190 573 3232 re
595 3190 657 3231 non
679 3166 832 3253 ambigua
853 3164 1068 3241 consuluistis,
1090 3176 1122 3229 et
1136 3188 1234 3252 quam

284 3268 462 3356 praesertim
484 3290 504 3332 a
525 3267 722 3354 sapientibus
744 3266 886 3354 expediri
907 3264 1016 3353 potius
1037 3281 1236 3353 oportuerat,

284 3393 381 3457 quam
404 3368 536 3434 differri.
583 3369 748 3457 Siquidem
767 3391 874 3434 rerum
897 3369 1039 3456 turpium
1056 3369 1237 3435 nulladeli-

285 3471 407 3535 beratio
421 3482 480 3546 est,
504 3468 715 3557 turpitudinis
729 3470 829 3536 dilata
844 3469 971 3556 repulsa
986 3470 1146 3556 quandam
1162 3494 1235 3536 con-

284 3595 393 3638 sensus
415 3572 573 3637 inhonesti
596 3572 769 3658 praetendit
791 3572 973 3657 imaginem.
1019 3569 1105 3650 Quid
1127 3587 1235 3637 autem

284 3676 413 3763 turpius
441 3690 501 3753 est,
532 3698 628 3760 quam
659 3675 759 3740 totius
787 3674 906 3740 divinas
934 3675 1013 3760 legis
1045 3674 1236 3740 auctoritate

284 3789 467 3864 contempta
481 3775 513 3841 in
530 3788 638 3841 sancta
653 3789 834 3841 sanctorum
849 3775 1191 3862 impudenterirruere‚
1204 3789 1236 3839 et

285 3877 468 3966 impellente
481 3875 628 3952 avaritia,
643 3888 753 3942 contra
757 3877 815 3962 jus
824 3890 857 3941 et
867 3876 926 3953 l'as,
931 3876 988 3961 jus
1000 3876 1235 3957 haereditarium

286 3980 317 4044 in
332 3979 431 4045 rebus
443 3976 663 4043 ecclesiasticis
678 3975 742 4040 imo
763 3988 796 4042 et
810 3977 843 4041 in
859 3973 930 4063 ipso
943 3977 1037 4042 altari
1059 3977 1235 4043 vendicare.

285 4082 377 4160 Quis,
399 4079 459 4145 nisi
481 4080 645 4167 profanus,
667 4077 825 4166 patienter
846 4078 970 4157 audiat,
991 4082 1109 4146 nedum
1137 4092 1236 4168 petat,

285 4182 375 4270 quod
405 4195 470 4246 tam
501 4181 668 4247 manifeste
697 4179 776 4244 sacri
806 4203 940 4245 canones
970 4181 1124 4259 inhibent,
1148 4180 1234 4267 quod

285 4285 456 4370 utriusque
475 4283 656 4349 testamenti
683 4291 747 4345 tam
774 4304 921 4370 expresse
945 4282 1134 4348 condemnat
1161 4305 1235 4345 auc·

285 4389 407 4453 toritas.
454 4386 624 4452 Resolvite
653 4406 799 4460 canones,
830 4384 980 4472 quoniam
1011 4386 1042 4448 in
1066 4386 1123 4447 hac
1148 4396 1237 4468 parte
