3034 5500
156 776 358 850 11594613
548 790 726 836 amaronc.
777 833 779 836 .
1052 779 1108 837 101

151 941 364 1006 sanctitatem.
404 939 488 1016 Quia
502 939 602 1004 frater
616 944 755 1006 Thomas
768 939 858 1003 solus
873 953 951 1020 erat,
966 942 994 1005 ei
1010 947 1108 1009 servi·

149 1057 254 1107 entem
281 1043 425 1129 equitem
452 1041 539 1119 dedi,
563 1065 671 1128 quem,
697 1064 799 1128 quum
826 1042 866 1106 ad
895 1065 950 1107 vos
971 1046 1106 1123 venerit,

149 1159 247 1231 prout
284 1143 388 1230 magis
423 1143 581 1229 placuerit
618 1143 795 1209 retinebitis
830 1158 888 1210 aut
925 1146 1104 1223 remittetis,

149 1246 288 1331 equitem
305 1247 372 1309 sive
387 1243 639 1332 peditem,tarde
649 1267 779 1330 quoque
794 1259 852 1309 aut
865 1246 939 1310 cito.
970 1246 1103 1331 Equum

148 1347 231 1412 enim
255 1347 390 1412 domino
416 1345 553 1410 Thomoe
576 1345 662 1422 dedi,
684 1346 731 1409 ita
752 1355 858 1410 tamen
881 1360 917 1412 ut
940 1370 1013 1412 eum
1043 1349 1103 1415 sibi

148 1448 367 1514 distraherein
378 1447 499 1533 Anglia
509 1469 572 1512 non
583 1446 701 1513 liceret.
732 1447 861 1511 Exinde
871 1462 990 1527 autem,
1001 1474 1103 1536 quum

149 1572 169 1615 a
196 1551 291 1616 nobis
318 1551 443 1628 exierit,
467 1572 528 1636 pro
555 1550 651 1613 animi
678 1552 729 1614 sui
754 1549 887 1613 arbitrio
917 1563 1028 1615 utetur
1053 1553 1103 1617 vel

149 1650 304 1716 abutetur
328 1673 378 1727 eo,
403 1653 485 1715 sicut
510 1674 579 1726 suo,
603 1650 700 1715 immo
723 1672 834 1714 revera
856 1672 924 1717 suo.
969 1651 1038 1715 Nec
1061 1651 1104 1717 ob

148 1753 238 1818 aliud
261 1754 365 1840 legem
386 1753 455 1817 dixi
477 1753 652 1829 donationi,
667 1752 727 1816 nisi
749 1766 787 1817 ut
809 1752 966 1817 honestati
988 1754 1104 1838 accipi·

151 1852 236 1918 entis
249 1854 453 1935 consulerem,
464 1867 495 1919 et
507 1854 685 1919 necessitati
699 1854 878 1919 itinerantis
892 1854 1102 1949 providerem.

151 1958 238 2020 Nam
255 1959 340 2043 quod
354 1955 394 2020 ad
409 1970 557 2042 sumptus
572 1957 761 2021 necessarios
775 1956 917 2042 quidem,
931 1971 961 2022 et
978 1957 1004 2021 si
1019 1957 1101 2023 forte

149 2081 213 2123 non
251 2081 359 2123 omnes
386 2057 594 2137 voluntarios,
623 2057 735 2122 libenti
771 2058 879 2122 animo
914 2059 1100 2125 ministravi.

151 2159 308 2227 Servienti
321 2183 453 2248 quoque
473 2183 536 2224 non
558 2173 684 2226 tenetur
699 2161 730 2224 in
746 2160 867 2246 aliquo,
882 2161 940 2225 nisi
956 2161 1039 2226 forte
1058 2185 1100 2226 ex

149 2262 238 2328 cultu
268 2262 430 2350 religionis
451 2262 491 2327 ad
515 2262 678 2327 caritatem
705 2276 737 2327 et
767 2263 809 2327 ad
837 2262 1101 2346 familiaritatem,

144 2367 218 2450 jure
243 2370 409 2431 convictus
431 2377 462 2430 et
486 2365 652 2429 societatis.
706 2369 780 2450 Ego
802 2365 827 2430 si
850 2365 979 2452 quidem
1005 2369 1032 2429 ei
1057 2390 1100 2430 ex-

147 2481 242 2553 pacto
264 2482 384 2543 teneor,
400 2481 432 2532 et
447 2480 576 2532 auctore
600 2468 738 2532 Domino
758 2468 959 2535 satisfaciam.
1005 2473 1100 2534 Mora

147 2593 224 2656 ergo
245 2570 346 2658 ipsius
369 2583 426 2635 aut
449 2569 572 2634 reditus
591 2593 610 2634 a
632 2584 739 2634 vestro
762 2570 880 2655 pendet
900 2570 1044 2649 arbitrio,
1067 2583 1098 2636 et

147 2693 206 2757 per
219 2693 293 2735 eum
310 2671 397 2759 quod
414 2669 569 2759 placuerit
583 2670 771 2736 rescribetis.

190 2774 351 2837 Praeterea
363 2774 440 2857 quia
453 2770 609 2857 expositio
623 2771 768 2855 magistri
780 2770 930 2855 Hugonis
940 2770 1025 2856 apud
1040 2793 1099 2835 nos

146 2874 282 2939 inveniri
297 2896 361 2937 uon
375 2886 494 2959 potest,
509 2873 596 2937 illam
612 2873 637 2936 si
654 2871 758 2957 placet
773 2870 989 2935 transmittite.
1035 2872 1100 2933 Re·

146 2973 218 3038 colo
231 2974 315 3039 enim
332 2972 418 3061 quod
439 2974 526 3059 apud
544 2996 599 3037 vos
618 2984 677 3038 est.
720 2970 892 3037 Boethium
914 2970 1101 3057 quoquede

148 3075 322 3156 Trinitate,
336 3097 431 3161 quem
447 3075 531 3160 apud
548 3098 615 3152 vos,
632 3089 665 3139 et
679 3071 778 3140 libros
793 3094 874 3157 quos
888 3071 975 3158 apud
996 3072 1098 3136 domi·

147 3199 221 3243 num
240 3179 399 3244 Simonem
417 3176 553 3263 priorem
568 3177 702 3242 Pruvini
725 3173 870 3261 deposui,
886 3174 1037 3260 quoniam
1053 3174 1098 3239 eis

146 3277 245 3343 frater
260 3302 351 3345 meus
372 3278 506 3364 indiget,
523 3277 548 3341 si
564 3277 680 3363 placet,
694 3298 752 3364 per
773 3274 909 3339 eundem
931 3274 1008 3339 mihi
1025 3275 1098 3340 mit.

146 3378 229 3446 tatis.

289 3618 510 3683 EPISTOLA
533 3620 775 3683 mvn-sn
791 3638 945 3683 annosis.

480 3755 597 3819 Eidem
614 3757 764 3820 Cellensi.

184 3894 402 3955 Devorsoms
417 3911 496 3953 meas
511 3888 606 3952 fidem
623 3888 713 3953 vobis
732 3888 855 3974 pridem
878 3888 1016 3955 arbitror
1030 3914 1098 3958 esse

142 4004 262 4068 uotam,
278 4003 316 4054 ut
332 3988 374 4053 de
395 4012 433 4053 ca
455 4011 517 4053 non
537 3989 679 4055 debeatis
700 3989 786 4053 omni
808 3988 935 4076 spiritui
958 3992 1096 4059 credere.

144 4098 215 4160 Hoc
235 4094 311 4159 dico
335 4116 389 4171 ne,
414 4094 439 4158 si
461 4095 559 4158 frater
584 4094 725 4159 Thomas
746 4093 908 4159 sinistrum
931 4095 1095 4182 quippiam

142 4197 274 4262 auribus
297 4196 412 4260 vestris
433 4195 588 4261 instillare
611 4197 862 4283 presumpserit,
889 4196 984 4261 fidem
1009 4199 1098 4262 adhi-

143 4298 253 4381 beatis,
269 4300 423 4386 quoniam
447 4311 493 4364 est
516 4299 638 4386 aliquid
661 4300 745 4364 inter
767 4321 819 4362 me
840 4311 870 4362 et
894 4299 997 4374 illum,
1013 4298 1099 4359 unde

146 4417 302 4480 restrum,
319 4411 383 4472 aut,
397 4398 526 4466 discreti
542 4399 715 4486 cujuslibet
731 4422 794 4463 non
812 4397 983 4463 reformido
997 4394 1105 4459 subire
