3034 5500
159 750 271 833 llos]
550 771 726 819 errsrotaa
1051 762 1114 821 tra

153 922 338 988 eminentia
351 929 464 998 vestra,
476 944 572 1007 quam
588 924 620 986 in
635 935 780 1007 tempora
795 925 891 1007 longa
905 925 1067 991 beatificet
1080 939 1113 992 et

152 1037 327 1091 conservet
338 1027 561 1110 Omnipotens,
573 1027 721 1108 dignetur
735 1027 904 1112 injungere
921 1030 1011 1105 mibi,
1022 1053 1110 1095 man·

152 1126 240 1193 datis
254 1127 370 1193 vestris
385 1128 417 1190 in
434 1129 583 1192 omnibus
597 1127 736 1193 fideliter
750 1130 901 1212 parituro.

106 1374 109 1379 ’
197 1382 422 1449 EPISTOLA
444 1385 682 1448 extra-nn
697 1405 1108 1451 unorsranueaornrnou

316 1503 360 1548 na
377 1504 500 1549 snucro
516 1504 691 1552 nnnouoo.
739 1486 818 1567 [an.
837 1489 945 1568 1166.]

274 1619 422 1684 loannes
438 1619 598 1704 Gausrt’do
612 1617 651 1682 de
666 1621 787 1683 Sancto
801 1619 986 1685 Edmuado.

195 1756 303 1828 Quum
330 1757 363 1817 in
389 1755 589 1819 solemnitate
616 1755 766 1819 Paschali
796 1754 1003 1819 reformandae
1028 1758 1106 1821 mibi

149 1858 243 1942 pacis
266 1857 367 1939 gratia
389 1855 600 1938 Andegavum
622 1857 785 1940 profectus
800 1877 902 1919 essem
923 1856 965 1920 ad
987 1876 1105 1940 regern,

148 1959 259 2044 ipsum
287 1970 362 2022 ante
396 1958 562 2021 Dominici
592 1958 735 2041 corporis
772 1958 1010 2044 perceptionem
1048 1979 1105 2041 per

148 2063 301 2123 abbatem
330 2061 441 2125 Sancti
467 2061 606 2125 Victoris
635 2058 836 2136 parisiensis,
865 2071 898 2124 et
922 2061 1001 2124 alios
1031 2061 1104 2123 reli·

148 2163 267 2244 giosos,
284 2161 345 2226 ieci
367 2161 555 2243 diligentius
580 2160 743 2225 conveniri
766 2183 861 2244 super
881 2183 962 2246 pace
986 2163 1026 2226 R.
1044 2161 1103 2225 filii

146 2262 252 2338 vestri,
267 2261 422 2326 adhibitis
436 2261 532 2326 etiam
548 2262 620 2325 aliis
638 2262 761 2339 amicis,
776 2261 816 2324 de
831 2283 964 2345 quorum
979 2261 1044 2326 fide
1067 2263 1103 2325 in

146 2364 237 2428 curia
266 2385 355 2448 spem
382 2383 592 2447 conceperam
622 2361 816 2448 plenioremr
856 2364 1099 2427 sollicitaveram

146 2465 232 2527 enim
247 2478 344 2529 antea
357 2487 453 2547 super
474 2465 537 2529 hoc
553 2466 654 2528 virum
669 2466 837 2549 optimum,
851 2475 885 2529 et
898 2466 965 2528 suis
980 2465 1100 2529 meritis

144 2565 226 2629 mibi
264 2566 482 2643 reverendum,
511 2566 701 2648 Magistrum
731 2565 926 2630 Walterium
962 2565 1002 2629 de
1044 2565 1099 2628 ln·

145 2669 229 2746 sula,
251 2676 284 2730 et
303 2689 362 2752 per
383 2667 489 2753 ipsum
515 2668 596 2732 alios
619 2681 727 2752 patres
752 2688 887 2752 quorum
913 2666 995 2730 fides
1020 2666 1100 2731 milri

142 2767 315 2831 videbatur
342 2790 413 2832 esse
439 2769 600 2833 sincerior.
649 2771 722 2833 Rex
752 2780 860 2832 autem
889 2781 921 2831 et
946 2789 1003 2850 pro
1033 2769 1097 2834 Dei

142 2870 310 2951 religione,
338 2882 371 2934 ct
407 2869 672 2936 intercedentium
710 2868 895 2946 reverentia,
932 2868 1098 2948 respondit

142 2972 333 3053 benignius:
363 2972 474 3036 audito
497 2984 602 3036 tamen
625 2969 713 3055 quod
739 2969 781 3033 ad
809 2969 986 3033 dominium
1011 2964 1096 3032 boati

142 3072 312 3137 Edmundi
323 3095 373 3136 res
383 3075 446 3137 ista
459 3074 641 3157 pertineret,
653 3072 849 3136 Willelmum
862 3070 902 3133 de
915 3071 1097 3153 Hastingie,

142 3196 201 3259 per
227 3196 320 3259 quem
343 3177 506 3239 veritatem
528 3175 703 3259 inquisivit,
725 3174 994 3250 recitaremus
1016 3174 1095 3256 quid

141 3297 199 3359 per
214 3278 443 3360 surreptionem
459 3278 616 3340 diceretur
629 3279 671 3340 ab
685 3278 767 3360 ipso.
812 3277 872 3340 llle
888 3287 994 3341 autem
1016 3298 1094 3360 qua·

142 3386 237 3440 tenus
256 3377 362 3459 potuit
375 3389 408 3440 et
422 3398 518 3440 ausus
539 3389 599 3449 est,
614 3377 786 3458 benignius
799 3378 950 3458 exposuit
965 3397 1094 3442 causam

138 3489 286 3542 seetram.
333 3476 493 3562 Praecepit
506 3499 582 3559 ergo
596 3498 653 3540 rex
676 3498 809 3561 puerum
831 3477 873 3540 ad
894 3498 929 3540 se
952 3477 1045 3556 mitti,
1059 3490 1095 3544 ut

137 3578 273 3643 indulte
298 3580 494 3644 remissionis
518 3600 660 3664 presens
681 3582 840 3662 reciperet
860 3581 992 3659 litteras,
1013 3602 1093 3664 quas

139 3681 182 3745 ad
197 3681 290 3762 regni
304 3682 469 3760 officiales,
485 3695 519 3746 ut
534 3682 575 3746 de
591 3704 671 3766 pace
686 3682 788 3766 ipsius
803 3693 974 3761 constaret,
988 3681 1092 3747 omni·

138 3784 200 3847 bus
221 3792 403 3867 reportaret
448 3784 593 3847 Rediens
618 3786 726 3868 itaque
752 3806 885 3868 puerum
907 3806 980 3851 cum
1003 3785 1091 3848 festi·

138 3885 280 3959 natione,
306 3884 391 3947 sicut
414 3885 553 3948 Domino
577 3887 709 3969 placuit,
734 3898 766 3947 et
786 3895 895 3948 nostra
916 3887 1091 3950 necessitas

137 3987 301 4067 exigebat,
316 3984 358 4047 ad
379 3986 570 4067 Magistrum
592 3987 772 4051 Galterium
794 3985 834 4050 de
859 3988 970 4050 Insula
991 3998 1091 4051 trans·

136 4088 219 4165 misi,
242 4084 337 4169 eujus
358 4085 457 4150 fidem
479 4098 511 4150 et
533 4089 693 4151 caritatem
717 4088 812 4151 nobis
840 4089 1019 4152 exhibitam
1040 4109 1090 4151 re·

136 4196 282 4251 muneret
302 4186 453 4249 fundator
474 4188 620 4251 ecclesie
636 4186 766 4264 Christi,
781 4208 839 4270 pro
863 4188 954 4271 cujus
968 4188 1034 4251 fide
1057 4204 1090 4252 et

134 4308 255 4360 amore,
265 4287 350 4349 sicut
364 4286 460 4348 nobis
474 4287 672 4351 conscientia
687 4289 776 4351 testis
787 4301 847 4363 est,
856 4288 932 4363 leti,
943 4286 1085 4371 quando·

134 4388 263 4472 quidem
278 4388 326 4451 ita
342 4408 474 4452 necesse
497 4401 556 4467 est,
571 4388 698 4466 damna,
713 4387 854 4471 injurias,
869 4388 1087 4464 contumelias,
