<?xml version="1.0" encoding="UTF-8"?>
<!DOCTYPE html PUBLIC "-//W3C//DTD XHTML 1.0 Transitional//EN"
    "http://www.w3.org/TR/xhtml1/DTD/xhtml1-transitional.dtd">
<html xmlns="http://www.w3.org/1999/xhtml" xml:lang="en" lang="en">
 <head>
  <title>
</title>
<meta http-equiv="Content-Type" content="text/html;charset=utf-8" />
  <meta name='ocr-system' content='tesseract 3.04.00' />
  <meta name='ocr-capabilities' content='ocr_page ocr_carea ocr_par ocr_line ocrx_word'/>
</head>
<body>
  <div class='ocr_page' id='page_1' title='image "./joannissaresber16johngoog_0292.png"; bbox 0 0 3034 5500; ppageno 0'>
   <div class='ocr_carea' id='block_1_1' title="bbox 290 741 1234 818">
    <p class='ocr_par' dir='ltr' id='par_1_1' title="bbox 290 741 1234 818">
     <span class='ocr_line' id='line_1_1' title="bbox 290 741 1234 818; baseline -0.012 -13"><span class='ocrx_word' id='word_1_1' title='bbox 290 749 354 806; x_wconf 73' lang='lat'>270</span> <span class='ocrx_word' id='word_1_2' title='bbox 559 758 695 801; x_wconf 64' lang='lat' dir='ltr'>russeus</span> <span class='ocrx_word' id='word_1_3' title='bbox 710 755 995 800; x_wconf 71' lang='lat' dir='ltr'>sanssuanraxsrs</span> <span class='ocrx_word' id='word_1_4' title='bbox 1157 741 1234 818; x_wconf 54' lang='lat' dir='ltr'>tan,</span> 
     </span>
    </p>
   </div>
   <div class='ocr_carea' id='block_1_2' title="bbox 278 903 1239 4447">
    <p class='ocr_par' dir='ltr' id='par_1_2' title="bbox 279 903 1239 4348">
     <span class='ocr_line' id='line_1_2' title="bbox 290 903 1237 995; baseline -0.004 -21"><span class='ocrx_word' id='word_1_5' title='bbox 290 911 501 995; x_wconf 84' lang='lat' dir='ltr'>daooremque</span> <span class='ocrx_word' id='word_1_6' title='bbox 516 906 679 972; x_wconf 86' lang='lat' dir='ltr'>sermonis.</span> <span class='ocrx_word' id='word_1_7' title='bbox 727 904 814 987; x_wconf 83' lang='lat' dir='ltr'>Ergo</span> <span class='ocrx_word' id='word_1_8' title='bbox 830 903 943 978; x_wconf 87' lang='lat' dir='ltr'>Ousia,</span> <span class='ocrx_word' id='word_1_9' title='bbox 960 904 1051 988; x_wconf 91' lang='lat' dir='ltr'>quod</span> <span class='ocrx_word' id='word_1_10' title='bbox 1066 927 1188 991; x_wconf 87' lang='lat' dir='ltr'>semper</span> <span class='ocrx_word' id='word_1_11' title='bbox 1205 908 1237 970; x_wconf 84' lang='lat' dir='ltr'>sit</span> 
     </span>
     <span class='ocr_line' id='line_1_3' title="bbox 289 1007 1235 1096; baseline -0.005 -18"><span class='ocrx_word' id='word_1_12' title='bbox 289 1012 459 1091; x_wconf 83' lang='lat' dir='ltr'>Dominus,</span> <span class='ocrx_word' id='word_1_13' title='bbox 476 1012 643 1096; x_wconf 84' lang='lat' dir='ltr'>significat.</span> <span class='ocrx_word' id='word_1_14' title='bbox 683 1007 885 1094; x_wconf 84' lang='lat' dir='ltr'>sicquidem</span> <span class='ocrx_word' id='word_1_15' title='bbox 904 1007 1098 1073; x_wconf 82' lang='lat' dir='ltr'>Ambrosius</span> <span class='ocrx_word' id='word_1_16' title='bbox 1119 1010 1235 1094; x_wconf 72' lang='lat' dir='ltr'>colligit,</span> 
     </span>
     <span class='ocr_line' id='line_1_4' title="bbox 286 1107 1235 1195; baseline -0.004 -16"><span class='ocrx_word' id='word_1_17' title='bbox 286 1115 341 1179; x_wconf 90' lang='lat' dir='ltr'>sed</span> <span class='ocrx_word' id='word_1_18' title='bbox 362 1114 443 1179; x_wconf 87' lang='lat' dir='ltr'>ratio</span> <span class='ocrx_word' id='word_1_19' title='bbox 464 1112 644 1177; x_wconf 80' lang='lat' dir='ltr'>inferentiae</span> <span class='ocrx_word' id='word_1_20' title='bbox 668 1109 761 1174; x_wconf 84' lang='lat' dir='ltr'>vobis</span> <span class='ocrx_word' id='word_1_21' title='bbox 786 1108 914 1195; x_wconf 76' lang='lat' dir='ltr'>plenius</span> <span class='ocrx_word' id='word_1_22' title='bbox 934 1107 1041 1195; x_wconf 90' lang='lat' dir='ltr'>liquet</span> <span class='ocrx_word' id='word_1_23' title='bbox 1061 1124 1095 1174; x_wconf 87' lang='lat' dir='ltr'>et</span> <span class='ocrx_word' id='word_1_24' title='bbox 1116 1112 1235 1186; x_wconf 78' lang='lat' dir='ltr'>Graecis,</span> 
     </span>
     <span class='ocr_line' id='line_1_5' title="bbox 286 1209 1237 1279; baseline -0.002 0"><span class='ocrx_word' id='word_1_25' title='bbox 286 1214 364 1279; x_wconf 88' lang='lat' dir='ltr'>mihi</span> <span class='ocrx_word' id='word_1_26' title='bbox 374 1237 448 1279; x_wconf 88' lang='lat' dir='ltr'>vero</span> <span class='ocrx_word' id='word_1_27' title='bbox 463 1226 496 1278; x_wconf 87' lang='lat' dir='ltr'>et</span> <span class='ocrx_word' id='word_1_28' title='bbox 510 1215 574 1278; x_wconf 89' lang='lat' dir='ltr'>mei</span> <span class='ocrx_word' id='word_1_29' title='bbox 586 1212 744 1276; x_wconf 81' lang='lat' dir='ltr'>similibus</span> <span class='ocrx_word' id='word_1_30' title='bbox 761 1209 990 1275; x_wconf 82' lang='lat' dir='ltr'>nubeculosior</span> <span class='ocrx_word' id='word_1_31' title='bbox 1004 1224 1064 1277; x_wconf 85' lang='lat' dir='ltr'>est.</span> <span class='ocrx_word' id='word_1_32' title='bbox 1108 1213 1237 1277; x_wconf 80' lang='lat' dir='ltr'>Hilarius</span> 
     </span>
     <span class='ocr_line' id='line_1_6' title="bbox 287 1315 1239 1402; baseline 0 -20"><span class='ocrx_word' id='word_1_33' title='bbox 287 1331 395 1384; x_wconf 86' lang='lat' dir='ltr'>autem</span> <span class='ocrx_word' id='word_1_34' title='bbox 410 1319 444 1383; x_wconf 93' lang='lat' dir='ltr'>iu</span> <span class='ocrx_word' id='word_1_35' title='bbox 460 1318 517 1384; x_wconf 93' lang='lat' dir='ltr'>lib.</span> <span class='ocrx_word' id='word_1_36' title='bbox 532 1319 573 1382; x_wconf 88' lang='lat' dir='ltr'>da</span> <span class='ocrx_word' id='word_1_37' title='bbox 590 1317 725 1402; x_wconf 83' lang='lat' dir='ltr'>Synodis</span> <span class='ocrx_word' id='word_1_38' title='bbox 744 1316 895 1380; x_wconf 88' lang='lat' dir='ltr'>similiter</span> <span class='ocrx_word' id='word_1_39' title='bbox 906 1315 951 1378; x_wconf 88' lang='lat' dir='ltr'>de</span> <span class='ocrx_word' id='word_1_40' title='bbox 969 1317 1111 1380; x_wconf 81' lang='lat' dir='ltr'>essentia</span> <span class='ocrx_word' id='word_1_41' title='bbox 1125 1318 1239 1382; x_wconf 85' lang='lat' dir='ltr'>ratioci-</span> 
     </span>
     <span class='ocr_line' id='line_1_7' title="bbox 288 1417 1239 1504; baseline 0.003 -22"><span class='ocrx_word' id='word_1_42' title='bbox 288 1433 394 1497; x_wconf 88' lang='lat' dir='ltr'>natur,</span> <span class='ocrx_word' id='word_1_43' title='bbox 409 1432 447 1485; x_wconf 90' lang='lat' dir='ltr'>ut</span> <span class='ocrx_word' id='word_1_44' title='bbox 462 1418 651 1484; x_wconf 87' lang='lat' dir='ltr'>Ambrosius</span> <span class='ocrx_word' id='word_1_45' title='bbox 665 1418 706 1481; x_wconf 91' lang='lat' dir='ltr'>de</span> <span class='ocrx_word' id='word_1_46' title='bbox 723 1418 842 1483; x_wconf 90' lang='lat' dir='ltr'>Ousia:</span> <span class='ocrx_word' id='word_1_47' title='bbox 858 1417 993 1481; x_wconf 72' lang='lat' dir='ltr'>fortasse</span> <span class='ocrx_word' id='word_1_48' title='bbox 1010 1419 1088 1504; x_wconf 91' lang='lat' dir='ltr'>quia</span> <span class='ocrx_word' id='word_1_49' title='bbox 1101 1419 1184 1483; x_wconf 86' lang='lat' dir='ltr'>idem</span> <span class='ocrx_word' id='word_1_50' title='bbox 1198 1434 1239 1485; x_wconf 88' lang='lat' dir='ltr'>est</span> 
     </span>
     <span class='ocr_line' id='line_1_8' title="bbox 289 1518 1238 1608; baseline -0.001 -22"><span class='ocrx_word' id='word_1_51' title='bbox 289 1522 426 1587; x_wconf 82' lang='lat' dir='ltr'>essentia</span> <span class='ocrx_word' id='word_1_52' title='bbox 440 1521 526 1608; x_wconf 93' lang='lat' dir='ltr'>quod</span> <span class='ocrx_word' id='word_1_53' title='bbox 546 1521 658 1587; x_wconf 90' lang='lat' dir='ltr'>Ousia.</span> <span class='ocrx_word' id='word_1_54' title='bbox 704 1518 748 1583; x_wconf 87' lang='lat' dir='ltr'>Et</span> <span class='ocrx_word' id='word_1_55' title='bbox 768 1519 901 1605; x_wconf 91' lang='lat' dir='ltr'>quidem</span> <span class='ocrx_word' id='word_1_56' title='bbox 918 1518 1020 1583; x_wconf 83' lang='lat' dir='ltr'>verba</span> <span class='ocrx_word' id='word_1_57' title='bbox 1043 1520 1158 1584; x_wconf 89' lang='lat' dir='ltr'>Hilarii</span> <span class='ocrx_word' id='word_1_58' title='bbox 1178 1521 1238 1585; x_wconf 79' lang='lat' dir='ltr'>hee</span> 
     </span>
     <span class='ocr_line' id='line_1_9' title="bbox 290 1616 1239 1705; baseline -0.003 -18"><span class='ocrx_word' id='word_1_59' title='bbox 290 1635 373 1687; x_wconf 89' lang='lat' dir='ltr'>sunt.</span> <span class='ocrx_word' id='word_1_60' title='bbox 431 1622 578 1687; x_wconf 88' lang='lat' dir='ltr'>Essentia</span> <span class='ocrx_word' id='word_1_61' title='bbox 606 1633 655 1684; x_wconf 86' lang='lat' dir='ltr'>est</span> <span class='ocrx_word' id='word_1_62' title='bbox 681 1641 731 1684; x_wconf 87' lang='lat' dir='ltr'>res</span> <span class='ocrx_word' id='word_1_63' title='bbox 756 1641 830 1704; x_wconf 85' lang='lat' dir='ltr'>quae</span> <span class='ocrx_word' id='word_1_64' title='bbox 853 1616 905 1682; x_wconf 83' lang='lat' dir='ltr'>vel</span> <span class='ocrx_word' id='word_1_65' title='bbox 935 1631 996 1698; x_wconf 77' lang='lat' dir='ltr'>est,</span> <span class='ocrx_word' id='word_1_66' title='bbox 1027 1620 1079 1683; x_wconf 78' lang='lat' dir='ltr'>sel</span> <span class='ocrx_word' id='word_1_67' title='bbox 1110 1643 1150 1684; x_wconf 84' lang='lat' dir='ltr'>ex</span> <span class='ocrx_word' id='word_1_68' title='bbox 1177 1623 1239 1705; x_wconf 87' lang='lat' dir='ltr'>qui·</span> 
     </span>
     <span class='ocr_line' id='line_1_10' title="bbox 289 1721 1239 1809; baseline -0.002 -21"><span class='ocrx_word' id='word_1_69' title='bbox 289 1725 350 1788; x_wconf 87' lang='lat' dir='ltr'>bus</span> <span class='ocrx_word' id='word_1_70' title='bbox 371 1736 430 1801; x_wconf 77' lang='lat' dir='ltr'>est,</span> <span class='ocrx_word' id='word_1_71' title='bbox 452 1723 507 1809; x_wconf 91' lang='lat' dir='ltr'>qui</span> <span class='ocrx_word' id='word_1_72' title='bbox 530 1724 562 1787; x_wconf 93' lang='lat' dir='ltr'>in</span> <span class='ocrx_word' id='word_1_73' title='bbox 586 1744 626 1786; x_wconf 91' lang='lat' dir='ltr'>eo</span> <span class='ocrx_word' id='word_1_74' title='bbox 651 1721 736 1807; x_wconf 90' lang='lat' dir='ltr'>quod</span> <span class='ocrx_word' id='word_1_75' title='bbox 759 1731 891 1784; x_wconf 85' lang='lat' dir='ltr'>maneat</span> <span class='ocrx_word' id='word_1_76' title='bbox 916 1721 1073 1788; x_wconf 82' lang='lat' dir='ltr'>subsistit.</span> <span class='ocrx_word' id='word_1_77' title='bbox 1122 1723 1239 1787; x_wconf 81' lang='lat' dir='ltr'>Dicitur</span> 
     </span>
     <span class='ocr_line' id='line_1_11' title="bbox 289 1824 1237 1905; baseline -0.003 -13"><span class='ocrx_word' id='word_1_78' title='bbox 289 1839 397 1892; x_wconf 88' lang='lat' dir='ltr'>autem</span> <span class='ocrx_word' id='word_1_79' title='bbox 428 1826 575 1902; x_wconf 84' lang='lat' dir='ltr'>essentia,</span> <span class='ocrx_word' id='word_1_80' title='bbox 601 1836 634 1887; x_wconf 86' lang='lat' dir='ltr'>et</span> <span class='ocrx_word' id='word_1_81' title='bbox 660 1834 840 1900; x_wconf 69' lang='lat' dir='ltr'>naturast</span> <span class='ocrx_word' id='word_1_82' title='bbox 868 1844 982 1905; x_wconf 82' lang='lat' dir='ltr'>genus,</span> <span class='ocrx_word' id='word_1_83' title='bbox 1009 1836 1047 1886; x_wconf 91' lang='lat' dir='ltr'>et</span> <span class='ocrx_word' id='word_1_84' title='bbox 1071 1824 1237 1889; x_wconf 84' lang='lat' dir='ltr'>substantia</span> 
     </span>
     <span class='ocr_line' id='line_1_12' title="bbox 289 1924 1238 2014; baseline 0 -22"><span class='ocrx_word' id='word_1_85' title='bbox 289 1929 537 2014; x_wconf 81' lang='lat' dir='ltr'>uniuscujusque</span> <span class='ocrx_word' id='word_1_86' title='bbox 567 1927 613 1990; x_wconf 87' lang='lat' dir='ltr'>rei</span> <span class='ocrx_word' id='word_1_87' title='bbox 643 1925 776 2010; x_wconf 87' lang='lat' dir='ltr'>poterit;</span> <span class='ocrx_word' id='word_1_88' title='bbox 812 1924 940 2009; x_wconf 82' lang='lat' dir='ltr'>proprie</span> <span class='ocrx_word' id='word_1_89' title='bbox 971 1939 1082 1989; x_wconf 86' lang='lat' dir='ltr'>autern</span> <span class='ocrx_word' id='word_1_90' title='bbox 1112 1930 1238 1992; x_wconf 84' lang='lat' dir='ltr'>essentia</span> 
     </span>
     <span class='ocr_line' id='line_1_13' title="bbox 288 2027 1236 2115; baseline 0.004 -24"><span class='ocrx_word' id='word_1_91' title='bbox 288 2029 407 2095; x_wconf 87' lang='lat' dir='ltr'>idcirco</span> <span class='ocrx_word' id='word_1_92' title='bbox 420 2031 506 2094; x_wconf 87' lang='lat' dir='ltr'>dicta</span> <span class='ocrx_word' id='word_1_93' title='bbox 520 2042 579 2106; x_wconf 89' lang='lat' dir='ltr'>est,</span> <span class='ocrx_word' id='word_1_94' title='bbox 591 2030 667 2115; x_wconf 91' lang='lat' dir='ltr'>quia</span> <span class='ocrx_word' id='word_1_95' title='bbox 681 2050 807 2112; x_wconf 86' lang='lat' dir='ltr'>semper</span> <span class='ocrx_word' id='word_1_96' title='bbox 820 2037 879 2090; x_wconf 84' lang='lat' dir='ltr'>est.</span> <span class='ocrx_word' id='word_1_97' title='bbox 910 2027 996 2100; x_wconf 81' lang='lat' dir='ltr'>Quae</span> <span class='ocrx_word' id='word_1_98' title='bbox 1014 2029 1135 2093; x_wconf 80' lang='lat' dir='ltr'>idcireo</span> <span class='ocrx_word' id='word_1_99' title='bbox 1149 2033 1236 2094; x_wconf 87' lang='lat' dir='ltr'>etiam</span> 
     </span>
     <span class='ocr_line' id='line_1_14' title="bbox 287 2121 1238 2215; baseline 0.003 -22"><span class='ocrx_word' id='word_1_100' title='bbox 287 2129 465 2197; x_wconf 81' lang='lat' dir='ltr'>substantia</span> <span class='ocrx_word' id='word_1_101' title='bbox 478 2144 537 2209; x_wconf 88' lang='lat' dir='ltr'>est,</span> <span class='ocrx_word' id='word_1_102' title='bbox 551 2131 628 2215; x_wconf 93' lang='lat' dir='ltr'>quia</span> <span class='ocrx_word' id='word_1_103' title='bbox 649 2153 700 2194; x_wconf 90' lang='lat' dir='ltr'>res</span> <span class='ocrx_word' id='word_1_104' title='bbox 715 2152 790 2215; x_wconf 81' lang='lat' dir='ltr'>quae</span> <span class='ocrx_word' id='word_1_105' title='bbox 804 2140 852 2192; x_wconf 88' lang='lat' dir='ltr'>est</span> <span class='ocrx_word' id='word_1_106' title='bbox 873 2150 1004 2193; x_wconf 88' lang='lat' dir='ltr'>necesse</span> <span class='ocrx_word' id='word_1_107' title='bbox 1027 2144 1079 2195; x_wconf 87' lang='lat' dir='ltr'>est</span> <span class='ocrx_word' id='word_1_108' title='bbox 1099 2121 1238 2196; x_wconf 78' lang='lat' dir='ltr'>subsistat</span> 
     </span>
     <span class='ocr_line' id='line_1_15' title="bbox 287 2230 1236 2316; baseline 0.003 -22"><span class='ocrx_word' id='word_1_109' title='bbox 287 2231 321 2294; x_wconf 93' lang='lat' dir='ltr'>in</span> <span class='ocrx_word' id='word_1_110' title='bbox 351 2254 430 2297; x_wconf 88' lang='lat' dir='ltr'>sese.</span> <span class='ocrx_word' id='word_1_111' title='bbox 479 2231 643 2316; x_wconf 88' lang='lat' dir='ltr'>Quicquid</span> <span class='ocrx_word' id='word_1_112' title='bbox 673 2245 785 2295; x_wconf 89' lang='lat' dir='ltr'>autem</span> <span class='ocrx_word' id='word_1_113' title='bbox 813 2230 957 2294; x_wconf 88' lang='lat' dir='ltr'>subsistit</span> <span class='ocrx_word' id='word_1_114' title='bbox 984 2232 1057 2296; x_wconf 83' lang='lat' dir='ltr'>siue</span> <span class='ocrx_word' id='word_1_115' title='bbox 1085 2234 1183 2298; x_wconf 91' lang='lat' dir='ltr'>dubio</span> <span class='ocrx_word' id='word_1_116' title='bbox 1208 2235 1236 2297; x_wconf 92' lang='lat' dir='ltr'>in</span> 
     </span>
     <span class='ocr_line' id='line_1_16' title="bbox 286 2332 1236 2416; baseline 0.003 -20"><span class='ocrx_word' id='word_1_117' title='bbox 286 2354 403 2416; x_wconf 86' lang='lat' dir='ltr'>genere</span> <span class='ocrx_word' id='word_1_118' title='bbox 417 2333 469 2397; x_wconf 85' lang='lat' dir='ltr'>val</span> <span class='ocrx_word' id='word_1_119' title='bbox 483 2333 516 2396; x_wconf 93' lang='lat' dir='ltr'>in</span> <span class='ocrx_word' id='word_1_120' title='bbox 533 2347 648 2396; x_wconf 89' lang='lat' dir='ltr'>natura</span> <span class='ocrx_word' id='word_1_121' title='bbox 660 2332 711 2396; x_wconf 85' lang='lat' dir='ltr'>vel</span> <span class='ocrx_word' id='word_1_122' title='bbox 726 2334 758 2396; x_wconf 93' lang='lat' dir='ltr'>iu</span> <span class='ocrx_word' id='word_1_123' title='bbox 775 2332 952 2396; x_wconf 90' lang='lat' dir='ltr'>substantia</span> <span class='ocrx_word' id='word_1_124' title='bbox 966 2348 1089 2401; x_wconf 80' lang='lat' dir='ltr'>manet</span> <span class='ocrx_word' id='word_1_125' title='bbox 1136 2336 1236 2409; x_wconf 87' lang='lat' dir='ltr'>Quum</span> 
     </span>
     <span class='ocr_line' id='line_1_17' title="bbox 286 2433 1236 2518; baseline 0.003 -21"><span class='ocrx_word' id='word_1_126' title='bbox 286 2456 363 2518; x_wconf 86' lang='lat' dir='ltr'>ergo</span> <span class='ocrx_word' id='word_1_127' title='bbox 399 2433 569 2499; x_wconf 88' lang='lat' dir='ltr'>essentiam</span> <span class='ocrx_word' id='word_1_128' title='bbox 606 2433 743 2498; x_wconf 87' lang='lat' dir='ltr'>dicimus</span> <span class='ocrx_word' id='word_1_129' title='bbox 779 2434 959 2518; x_wconf 86' lang='lat' dir='ltr'>significare</span> <span class='ocrx_word' id='word_1_130' title='bbox 995 2450 1159 2514; x_wconf 87' lang='lat' dir='ltr'>naturam,</span> <span class='ocrx_word' id='word_1_131' title='bbox 1192 2436 1236 2500; x_wconf 83' lang='lat' dir='ltr'>vel</span> 
     </span>
     <span class='ocr_line' id='line_1_18' title="bbox 286 2534 1236 2624; baseline 0.001 -24"><span class='ocrx_word' id='word_1_132' title='bbox 286 2558 387 2620; x_wconf 81' lang='lat' dir='ltr'>genus</span> <span class='ocrx_word' id='word_1_133' title='bbox 403 2534 452 2600; x_wconf 84' lang='lat' dir='ltr'>vel</span> <span class='ocrx_word' id='word_1_134' title='bbox 475 2534 698 2608; x_wconf 79' lang='lat' dir='ltr'>substantiam,</span> <span class='ocrx_word' id='word_1_135' title='bbox 722 2534 931 2617; x_wconf 82' lang='lat' dir='ltr'>intelligimus</span> <span class='ocrx_word' id='word_1_136' title='bbox 952 2536 1024 2620; x_wconf 87' lang='lat' dir='ltr'>ejus</span> <span class='ocrx_word' id='word_1_137' title='bbox 1046 2539 1093 2601; x_wconf 89' lang='lat' dir='ltr'>rei</span> <span class='ocrx_word' id='word_1_138' title='bbox 1115 2560 1188 2624; x_wconf 81' lang='lat' dir='ltr'>quae</span> <span class='ocrx_word' id='word_1_139' title='bbox 1207 2539 1236 2601; x_wconf 93' lang='lat' dir='ltr'>iu</span> 
     </span>
     <span class='ocr_line' id='line_1_19' title="bbox 287 2636 1234 2722; baseline 0.001 -20"><span class='ocrx_word' id='word_1_140' title='bbox 287 2639 337 2703; x_wconf 89' lang='lat' dir='ltr'>his</span> <span class='ocrx_word' id='word_1_141' title='bbox 350 2638 498 2703; x_wconf 89' lang='lat' dir='ltr'>omuibus</span> <span class='ocrx_word' id='word_1_142' title='bbox 512 2659 639 2722; x_wconf 82' lang='lat' dir='ltr'>semper</span> <span class='ocrx_word' id='word_1_143' title='bbox 653 2658 722 2700; x_wconf 89' lang='lat' dir='ltr'>esse</span> <span class='ocrx_word' id='word_1_144' title='bbox 736 2636 897 2700; x_wconf 84' lang='lat' dir='ltr'>subsistat.</span> <span class='ocrx_word' id='word_1_145' title='bbox 929 2637 1058 2701; x_wconf 87' lang='lat' dir='ltr'>Horum</span> <span class='ocrx_word' id='word_1_146' title='bbox 1075 2641 1234 2703; x_wconf 79' lang='lat' dir='ltr'>verborum</span> 
     </span>
     <span class='ocr_line' id='line_1_20' title="bbox 289 2737 1236 2823; baseline -0.001 -18"><span class='ocrx_word' id='word_1_147' title='bbox 289 2740 405 2806; x_wconf 88' lang='lat' dir='ltr'>Hilarii</span> <span class='ocrx_word' id='word_1_148' title='bbox 435 2738 638 2804; x_wconf 87' lang='lat' dir='ltr'>subtilissima</span> <span class='ocrx_word' id='word_1_149' title='bbox 666 2737 840 2823; x_wconf 89' lang='lat' dir='ltr'>speculatio</span> <span class='ocrx_word' id='word_1_150' title='bbox 869 2750 929 2813; x_wconf 88' lang='lat' dir='ltr'>est,</span> <span class='ocrx_word' id='word_1_151' title='bbox 955 2738 1095 2806; x_wconf 86' lang='lat' dir='ltr'>difficilis</span> <span class='ocrx_word' id='word_1_152' title='bbox 1125 2741 1236 2804; x_wconf 87' lang='lat' dir='ltr'>intelli·</span> 
     </span>
     <span class='ocr_line' id='line_1_21' title="bbox 285 2840 1236 2929; baseline -0.001 -22"><span class='ocrx_word' id='word_1_153' title='bbox 285 2843 405 2927; x_wconf 84' lang='lat' dir='ltr'>gentis,</span> <span class='ocrx_word' id='word_1_154' title='bbox 433 2843 489 2906; x_wconf 89' lang='lat' dir='ltr'>sed</span> <span class='ocrx_word' id='word_1_155' title='bbox 520 2840 656 2905; x_wconf 81' lang='lat' dir='ltr'>arbitror</span> <span class='ocrx_word' id='word_1_156' title='bbox 681 2840 767 2925; x_wconf 92' lang='lat' dir='ltr'>quod</span> <span class='ocrx_word' id='word_1_157' title='bbox 794 2840 827 2902; x_wconf 93' lang='lat' dir='ltr'>in</span> <span class='ocrx_word' id='word_1_158' title='bbox 852 2840 971 2903; x_wconf 84' lang='lat' dir='ltr'>Graeca</span> <span class='ocrx_word' id='word_1_159' title='bbox 994 2841 1109 2926; x_wconf 82' lang='lat' dir='ltr'>lingua</span> <span class='ocrx_word' id='word_1_160' title='bbox 1135 2843 1236 2929; x_wconf 87' lang='lat' dir='ltr'>peritis</span> 
     </span>
     <span class='ocr_line' id='line_1_22' title="bbox 286 2940 1234 3030; baseline -0.001 -22"><span class='ocrx_word' id='word_1_161' title='bbox 286 2945 428 3030; x_wconf 82' lang='lat' dir='ltr'>planiora</span> <span class='ocrx_word' id='word_1_162' title='bbox 442 2957 524 3009; x_wconf 88' lang='lat' dir='ltr'>sunt.</span> <span class='ocrx_word' id='word_1_163' title='bbox 573 2942 657 3005; x_wconf 91' lang='lat' dir='ltr'>Nam</span> <span class='ocrx_word' id='word_1_164' title='bbox 673 2941 713 3004; x_wconf 91' lang='lat' dir='ltr'>de</span> <span class='ocrx_word' id='word_1_165' title='bbox 729 2941 824 3005; x_wconf 80' lang='lat' dir='ltr'>beato</span> <span class='ocrx_word' id='word_1_166' title='bbox 847 2940 975 3004; x_wconf 89' lang='lat' dir='ltr'>Hilario</span> <span class='ocrx_word' id='word_1_167' title='bbox 989 2942 1070 3008; x_wconf 87' lang='lat' dir='ltr'>dicit</span> <span class='ocrx_word' id='word_1_168' title='bbox 1085 2944 1234 3009; x_wconf 84' lang='lat' dir='ltr'>sanctissi-</span> 
     </span>
     <span class='ocr_line' id='line_1_23' title="bbox 284 3040 1234 3129; baseline -0.001 -21"><span class='ocrx_word' id='word_1_169' title='bbox 284 3067 357 3108; x_wconf 89' lang='lat' dir='ltr'>mus</span> <span class='ocrx_word' id='word_1_170' title='bbox 378 3057 477 3129; x_wconf 86' lang='lat' dir='ltr'>patet,</span> <span class='ocrx_word' id='word_1_171' title='bbox 499 3056 533 3106; x_wconf 87' lang='lat' dir='ltr'>et</span> <span class='ocrx_word' id='word_1_172' title='bbox 552 3042 796 3106; x_wconf 82' lang='lat' dir='ltr'>litteratissimus</span> <span class='ocrx_word' id='word_1_173' title='bbox 820 3040 932 3105; x_wconf 84' lang='lat' dir='ltr'>doctor</span> <span class='ocrx_word' id='word_1_174' title='bbox 952 3044 1041 3127; x_wconf 91' lang='lat' dir='ltr'>quod</span> <span class='ocrx_word' id='word_1_175' title='bbox 1070 3045 1234 3109; x_wconf 71' lang='lat' dir='ltr'>Gallicano</span> 
     </span>
     <span class='ocr_line' id='line_1_24' title="bbox 285 3142 1234 3224; baseline 0.001 -15"><span class='ocrx_word' id='word_1_176' title='bbox 285 3146 441 3210; x_wconf 89' lang='lat' dir='ltr'>cothurno</span> <span class='ocrx_word' id='word_1_177' title='bbox 460 3144 625 3219; x_wconf 86' lang='lat' dir='ltr'>attollitur,</span> <span class='ocrx_word' id='word_1_178' title='bbox 649 3157 682 3207; x_wconf 87' lang='lat' dir='ltr'>et</span> <span class='ocrx_word' id='word_1_179' title='bbox 699 3142 828 3206; x_wconf 86' lang='lat' dir='ltr'>floribus</span> <span class='ocrx_word' id='word_1_180' title='bbox 851 3143 977 3206; x_wconf 82' lang='lat' dir='ltr'>Graecis</span> <span class='ocrx_word' id='word_1_181' title='bbox 996 3145 1184 3224; x_wconf 69' lang='lat' dir='ltr'>adornatam,</span> <span class='ocrx_word' id='word_1_182' title='bbox 1204 3161 1234 3209; x_wconf 86' lang='lat' dir='ltr'>et</span> 
     </span>
     <span class='ocr_line' id='line_1_25' title="bbox 284 3244 1233 3331; baseline 0 -22"><span class='ocrx_word' id='word_1_183' title='bbox 284 3244 394 3331; x_wconf 86' lang='lat' dir='ltr'>procul</span> <span class='ocrx_word' id='word_1_184' title='bbox 429 3260 477 3309; x_wconf 90' lang='lat' dir='ltr'>est</span> <span class='ocrx_word' id='word_1_185' title='bbox 507 3268 526 3309; x_wconf 93' lang='lat' dir='ltr'>a</span> <span class='ocrx_word' id='word_1_186' title='bbox 556 3245 691 3309; x_wconf 85' lang='lat' dir='ltr'>lectione</span> <span class='ocrx_word' id='word_1_187' title='bbox 724 3244 917 3329; x_wconf 84' lang='lat' dir='ltr'>simplicium</span> <span class='ocrx_word' id='word_1_188' title='bbox 946 3244 1094 3313; x_wconf 81' lang='lat' dir='ltr'>fratrum.</span> <span class='ocrx_word' id='word_1_189' title='bbox 1151 3247 1233 3311; x_wconf 77' lang='lat' dir='ltr'>alibi</span> 
     </span>
     <span class='ocr_line' id='line_1_26' title="bbox 283 3345 1233 3432; baseline 0.001 -21"><span class='ocrx_word' id='word_1_190' title='bbox 283 3360 391 3411; x_wconf 86' lang='lat' dir='ltr'>autem</span> <span class='ocrx_word' id='word_1_191' title='bbox 408 3346 562 3432; x_wconf 87' lang='lat' dir='ltr'>praecipit,</span> <span class='ocrx_word' id='word_1_192' title='bbox 587 3359 623 3410; x_wconf 86' lang='lat' dir='ltr'>ut</span> <span class='ocrx_word' id='word_1_193' title='bbox 646 3346 789 3411; x_wconf 86' lang='lat' dir='ltr'>Hilarius</span> <span class='ocrx_word' id='word_1_194' title='bbox 809 3359 844 3410; x_wconf 87' lang='lat' dir='ltr'>et</span> <span class='ocrx_word' id='word_1_195' title='bbox 867 3345 1066 3414; x_wconf 84' lang='lat' dir='ltr'>Athanasius</span> <span class='ocrx_word' id='word_1_196' title='bbox 1086 3348 1233 3412; x_wconf 80' lang='lat' dir='ltr'>inoffenso</span> 
     </span>
     <span class='ocr_line' id='line_1_27' title="bbox 282 3447 1232 3536; baseline 0.004 -24"><span class='ocrx_word' id='word_1_197' title='bbox 282 3460 450 3512; x_wconf 85' lang='lat' dir='ltr'>currantur</span> <span class='ocrx_word' id='word_1_198' title='bbox 475 3448 567 3533; x_wconf 89' lang='lat' dir='ltr'>pede.</span> <span class='ocrx_word' id='word_1_199' title='bbox 622 3448 720 3522; x_wconf 86' lang='lat' dir='ltr'>Quod</span> <span class='ocrx_word' id='word_1_200' title='bbox 742 3448 768 3511; x_wconf 93' lang='lat' dir='ltr'>si</span> <span class='ocrx_word' id='word_1_201' title='bbox 787 3447 873 3534; x_wconf 92' lang='lat' dir='ltr'>apud</span> <span class='ocrx_word' id='word_1_202' title='bbox 899 3449 1032 3513; x_wconf 74' lang='lat' dir='ltr'>Graecos</span> <span class='ocrx_word' id='word_1_203' title='bbox 1057 3472 1232 3536; x_wconf 85' lang='lat' dir='ltr'>expressam</span> 
     </span>
     <span class='ocr_line' id='line_1_28' title="bbox 282 3548 1233 3635; baseline 0.002 -22"><span class='ocrx_word' id='word_1_204' title='bbox 282 3549 403 3613; x_wconf 87' lang='lat' dir='ltr'>habent</span> <span class='ocrx_word' id='word_1_205' title='bbox 413 3548 626 3613; x_wconf 89' lang='lat' dir='ltr'>differentiam</span> <span class='ocrx_word' id='word_1_206' title='bbox 639 3549 719 3626; x_wconf 83' lang='lat' dir='ltr'>haec,</span> <span class='ocrx_word' id='word_1_207' title='bbox 728 3572 803 3635; x_wconf 87' lang='lat' dir='ltr'>quae</span> <span class='ocrx_word' id='word_1_208' title='bbox 814 3549 866 3613; x_wconf 88' lang='lat' dir='ltr'>hic</span> <span class='ocrx_word' id='word_1_209' title='bbox 875 3550 969 3615; x_wconf 87' lang='lat' dir='ltr'>toties</span> <span class='ocrx_word' id='word_1_210' title='bbox 980 3551 1144 3616; x_wconf 84' lang='lat' dir='ltr'>inculcata</span> <span class='ocrx_word' id='word_1_211' title='bbox 1153 3565 1233 3630; x_wconf 78' lang='lat' dir='ltr'>sunt,</span> 
     </span>
     <span class='ocr_line' id='line_1_29' title="bbox 282 3652 1231 3740; baseline 0.002 -24"><span class='ocrx_word' id='word_1_212' title='bbox 282 3652 428 3729; x_wconf 88' lang='lat' dir='ltr'>essentia,</span> <span class='ocrx_word' id='word_1_213' title='bbox 459 3663 584 3729; x_wconf 88' lang='lat' dir='ltr'>natura,</span> <span class='ocrx_word' id='word_1_214' title='bbox 615 3674 727 3736; x_wconf 80' lang='lat' dir='ltr'>genus,</span> <span class='ocrx_word' id='word_1_215' title='bbox 753 3652 939 3728; x_wconf 88' lang='lat' dir='ltr'>substantia,</span> <span class='ocrx_word' id='word_1_216' title='bbox 971 3673 1046 3717; x_wconf 86' lang='lat' dir='ltr'>eam</span> <span class='ocrx_word' id='word_1_217' title='bbox 1083 3654 1231 3740; x_wconf 83' lang='lat' dir='ltr'>expediri,</span> 
     </span>
     <span class='ocr_line' id='line_1_30' title="bbox 282 3751 1231 3838; baseline -0.003 -18"><span class='ocrx_word' id='word_1_218' title='bbox 282 3756 426 3820; x_wconf 90' lang='lat' dir='ltr'>omnium</span> <span class='ocrx_word' id='word_1_219' title='bbox 459 3754 594 3818; x_wconf 87' lang='lat' dir='ltr'>arbitror</span> <span class='ocrx_word' id='word_1_220' title='bbox 629 3754 781 3817; x_wconf 87' lang='lat' dir='ltr'>iuteresse</span> <span class='ocrx_word' id='word_1_221' title='bbox 816 3751 1114 3838; x_wconf 87' lang='lat' dir='ltr'>quamplurimum:</span> <span class='ocrx_word' id='word_1_222' title='bbox 1152 3755 1231 3819; x_wconf 87' lang='lat' dir='ltr'>unde</span> 
     </span>
     <span class='ocr_line' id='line_1_31' title="bbox 282 3853 1230 3939; baseline 0 -20"><span class='ocrx_word' id='word_1_223' title='bbox 282 3858 370 3922; x_wconf 86' lang='lat' dir='ltr'>vobis</span> <span class='ocrx_word' id='word_1_224' title='bbox 392 3858 434 3922; x_wconf 93' lang='lat' dir='ltr'>ad</span> <span class='ocrx_word' id='word_1_225' title='bbox 456 3856 605 3921; x_wconf 89' lang='lat' dir='ltr'>meritum</span> <span class='ocrx_word' id='word_1_226' title='bbox 629 3867 663 3918; x_wconf 87' lang='lat' dir='ltr'>et</span> <span class='ocrx_word' id='word_1_227' title='bbox 682 3854 815 3938; x_wconf 82' lang='lat' dir='ltr'>gloriam</span> <span class='ocrx_word' id='word_1_228' title='bbox 840 3853 1059 3939; x_wconf 83' lang='lat' dir='ltr'>profecturum</span> <span class='ocrx_word' id='word_1_229' title='bbox 1080 3879 1148 3921; x_wconf 64' lang='lat' dir='ltr'>eme</span> <span class='ocrx_word' id='word_1_230' title='bbox 1172 3877 1230 3919; x_wconf 93' lang='lat' dir='ltr'>uon</span> 
     </span>
     <span class='ocr_line' id='line_1_32' title="bbox 279 3956 1230 4045; baseline 0.002 -24"><span class='ocrx_word' id='word_1_231' title='bbox 279 3959 404 4038; x_wconf 80' lang='lat' dir='ltr'>dubito,</span> <span class='ocrx_word' id='word_1_232' title='bbox 420 3974 454 4023; x_wconf 89' lang='lat' dir='ltr'>et</span> <span class='ocrx_word' id='word_1_233' title='bbox 468 3959 667 4045; x_wconf 83' lang='lat' dir='ltr'>profuturum</span> <span class='ocrx_word' id='word_1_234' title='bbox 684 3956 725 4022; x_wconf 92' lang='lat' dir='ltr'>ad</span> <span class='ocrx_word' id='word_1_235' title='bbox 736 3957 846 4035; x_wconf 86' lang='lat' dir='ltr'>vitam,</span> <span class='ocrx_word' id='word_1_236' title='bbox 857 3957 882 4021; x_wconf 94' lang='lat' dir='ltr'>si</span> <span class='ocrx_word' id='word_1_237' title='bbox 897 3957 939 4021; x_wconf 93' lang='lat' dir='ltr'>ad</span> <span class='ocrx_word' id='word_1_238' title='bbox 953 3958 1073 4022; x_wconf 89' lang='lat' dir='ltr'>ostium</span> <span class='ocrx_word' id='word_1_239' title='bbox 1091 3959 1230 4044; x_wconf 89' lang='lat' dir='ltr'>Scriptu-</span> 
     </span>
     <span class='ocr_line' id='line_1_33' title="bbox 280 4059 1229 4145; baseline 0.004 -24"><span class='ocrx_word' id='word_1_240' title='bbox 280 4080 386 4122; x_wconf 91' lang='lat' dir='ltr'>rarum</span> <span class='ocrx_word' id='word_1_241' title='bbox 409 4060 547 4144; x_wconf 88' lang='lat' dir='ltr'>pulsanti</span> <span class='ocrx_word' id='word_1_242' title='bbox 570 4059 768 4145; x_wconf 89' lang='lat' dir='ltr'>aperueritis,</span> <span class='ocrx_word' id='word_1_243' title='bbox 788 4071 822 4123; x_wconf 91' lang='lat' dir='ltr'>et</span> <span class='ocrx_word' id='word_1_244' title='bbox 843 4080 942 4144; x_wconf 87' lang='lat' dir='ltr'>panes</span> <span class='ocrx_word' id='word_1_245' title='bbox 956 4059 1047 4125; x_wconf 86' lang='lat' dir='ltr'>vobis</span> <span class='ocrx_word' id='word_1_246' title='bbox 1067 4083 1088 4125; x_wconf 86' lang='lat' dir='ltr'>a</span> <span class='ocrx_word' id='word_1_247' title='bbox 1107 4060 1229 4127; x_wconf 87' lang='lat' dir='ltr'>Christo</span> 
     </span>
     <span class='ocr_line' id='line_1_34' title="bbox 279 4158 1228 4243; baseline 0.008 -23"><span class='ocrx_word' id='word_1_248' title='bbox 279 4158 415 4222; x_wconf 85' lang='lat' dir='ltr'>creditos</span> <span class='ocrx_word' id='word_1_249' title='bbox 444 4158 478 4220; x_wconf 91' lang='lat' dir='ltr'>iu</span> <span class='ocrx_word' id='word_1_250' title='bbox 509 4160 723 4224; x_wconf 89' lang='lat' dir='ltr'>multitudinis</span> <span class='ocrx_word' id='word_1_251' title='bbox 752 4181 845 4224; x_wconf 88' lang='lat' dir='ltr'>usum</span> <span class='ocrx_word' id='word_1_252' title='bbox 872 4159 1042 4243; x_wconf 83' lang='lat' dir='ltr'>fregeritis,</span> <span class='ocrx_word' id='word_1_253' title='bbox 1068 4173 1106 4226; x_wconf 87' lang='lat' dir='ltr'>ut</span> <span class='ocrx_word' id='word_1_254' title='bbox 1131 4174 1228 4227; x_wconf 79' lang='lat' dir='ltr'>restra</span> 
     </span>
     <span class='ocr_line' id='line_1_35' title="bbox 279 4257 1227 4348; baseline 0.001 -23"><span class='ocrx_word' id='word_1_255' title='bbox 279 4257 490 4325; x_wconf 86' lang='lat' dir='ltr'>sollicitudine</span> <span class='ocrx_word' id='word_1_256' title='bbox 514 4261 696 4325; x_wconf 84' lang='lat' dir='ltr'>reficiantur</span> <span class='ocrx_word' id='word_1_257' title='bbox 718 4261 834 4343; x_wconf 72' lang='lat' dir='ltr'>turbae,</span> <span class='ocrx_word' id='word_1_258' title='bbox 856 4282 991 4348; x_wconf 89' lang='lat' dir='ltr'>quarum</span> <span class='ocrx_word' id='word_1_259' title='bbox 1016 4262 1101 4327; x_wconf 87' lang='lat' dir='ltr'>adeo</span> <span class='ocrx_word' id='word_1_260' title='bbox 1126 4262 1159 4328; x_wconf 91' lang='lat' dir='ltr'>iu</span> <span class='ocrx_word' id='word_1_261' title='bbox 1180 4261 1227 4326; x_wconf 81' lang='lat' dir='ltr'>ria</span> 
     </span>
    </p>

    <p class='ocr_par' dir='ltr' id='par_1_3' title="bbox 278 4358 1226 4447">
     <span class='ocr_line' id='line_1_36' title="bbox 278 4358 1226 4447; baseline 0.001 -21"><span class='ocrx_word' id='word_1_262' title='bbox 278 4358 540 4445; x_wconf 79' lang='lat' dir='ltr'>peregrinationis</span> <span class='ocrx_word' id='word_1_263' title='bbox 554 4362 648 4446; x_wconf 88' lang='lat' dir='ltr'>hujus</span> <span class='ocrx_word' id='word_1_264' title='bbox 662 4363 765 4427; x_wconf 88' lang='lat' dir='ltr'>bouus</span> <span class='ocrx_word' id='word_1_265' title='bbox 785 4363 953 4428; x_wconf 84' lang='lat' dir='ltr'>miseretur</span> <span class='ocrx_word' id='word_1_266' title='bbox 972 4360 1080 4440; x_wconf 86' lang='lat' dir='ltr'>Jesus,</span> <span class='ocrx_word' id='word_1_267' title='bbox 1096 4375 1133 4428; x_wconf 87' lang='lat' dir='ltr'>ut</span> <span class='ocrx_word' id='word_1_268' title='bbox 1150 4364 1226 4447; x_wconf 83' lang='lat' dir='ltr'>ssip</span> 
     </span>
    </p>
   </div>
   <div class='ocr_carea' id='block_1_3' title="bbox 0 0 1522 5500">
    <p class='ocr_par' dir='ltr' id='par_1_4' title="bbox 0 0 1522 5500">
     <span class='ocr_line' id='line_1_37' title="bbox 0 0 1522 5500; baseline 0 2"><span class='ocrx_word' id='word_1_269' title='bbox 0 0 1522 5500; x_wconf 95' lang='lat' dir='ltr'> </span> 
     </span>
    </p>
   </div>
  </div>
 </body>
</html>
