3034 5500
284 758 347 818 214
551 742 687 814 imarus
702 767 984 815 marsasarsrsrs
1151 748 1193 829 [a.
1210 769 1235 814 n

286 924 352 996 bas,
372 924 410 985 irs
432 922 532 986 medio
552 923 624 1003 ejus
644 921 870 1002 suspendimur
891 940 1021 1005 orpona
1044 930 1168 986 nostra.
1187 925 1234 1000 dr.

286 1028 331 1090 Et
351 1027 392 1092 ab
416 1026 476 1088 hac
504 1024 634 1109 quidem
657 1020 821 1110 opinione,
843 1025 974 1107 vulgata
995 1045 1066 1088 non
1089 1026 1233 1102 dissentit,

285 1126 708 1190 sicutlsidorusattestatur.
747 1125 851 1188 Iidem
862 1126 1234 1211 prophetaescripserunt

284 1226 464 1291 Danielem.
509 1227 592 1288 Nam
615 1227 734 1290 Daniel
747 1236 779 1288 et
796 1238 929 1309 propter
950 1248 1098 1304 causam,
1114 1249 1184 1312 qua
1203 1230 1231 1290 iu

285 1329 460 1391 Ezechiele
475 1325 600 1392 reddita
618 1339 678 1404 est,
694 1350 728 1392 se
749 1350 771 1390 a
792 1323 1031 1410 scriptitatione
1054 1330 1231 1414 suspendit:

284 1444 317 1495 et
347 1430 423 1514 quia
451 1430 705 1515 prepediebatur
727 1430 1061 1497 administrationibus
1089 1433 1231 1515 publicis.

285 1533 388 1596 lidem
404 1554 533 1617 quoque
548 1545 611 1596 tres
632 1533 809 1616 prophete,
823 1544 857 1597 et
877 1534 1109 1598 conscholares
1130 1556 1231 1598 eorum

286 1636 542 1718 conscripserunt
569 1635 685 1698 librum
714 1635 819 1712 Ester,
845 1656 943 1719 quem
973 1636 1104 1718 vulgata
1127 1636 1231 1721 opinio

285 1739 327 1800 ab
357 1737 466 1801 Esdra
493 1736 704 1820 compositum
733 1736 855 1813 asserit,
878 1737 999 1800 librum
1028 1760 1160 1822 qnoque
1186 1757 1231 1802 ιιι

286 1838 527 1922 Prophetarum,
552 1859 646 1921 quem
672 1839 785 1919 mlgus
813 1840 854 1903 ab
879 1838 960 1922 ipsis
989 1839 1039 1901 xii
1068 1839 1233 1923 Prophetis

284 1941 497 2022 compositum
509 1949 606 2003 tenet.
630 1939 785 2002 Praesatus
794 1949 898 2004 autem
910 1940 1005 2003 Philo
1015 1961 1090 2003 cum
1102 1961 1232 2023 sequen·

285 2039 373 2103 tibus
395 2041 461 2106 suis
484 2042 628 2124 superius
649 2040 834 2118 nominatis,
856 2053 1050 2104 memoratos
1072 2055 1138 2105 tres
1159 2042 1232 2104 Pro·

284 2143 397 2226 phetas
420 2141 515 2224 hujus
538 2142 613 2204 libri
635 2154 668 2203 et
691 2141 955 2225 praecedentium,
977 2154 1013 2205 ut
1036 2143 1159 2207 dictum
1179 2155 1232 2221 est,

281 2242 393 2307 laudat
406 2253 561 2307 auctores.
604 2243 690 2315 Quia
704 2244 790 2307 enim
805 2246 918 2308 breves
932 2259 1023 2307 erant
1037 2245 1230 2327 singulorum

282 2346 430 2421 visiones,
452 2344 528 2407 satis
551 2344 650 2406 risum
674 2363 723 2408 ear
744 2346 824 2428 ipsis
845 2347 1021 2429 prophetis,
1044 2368 1101 2410 eas
1123 2347 1232 2432 pradi-

283 2445 387 2515 cando
402 2445 579 2530 publicare,
593 2459 627 2512 et
647 2446 694 2511 sic
709 2448 782 2510 aliis
803 2447 995 2512 demandare
1013 2450 1231 2533 scriptoribus,

281 2549 457 2632 presertim
485 2568 582 2631 quum
612 2548 743 2632 quidam
772 2570 880 2612 eornm
909 2551 1022 2614 rustici
1052 2552 1180 2630 fuerint,
1203 2563 1234 2615 et

282 2664 438 2734 pastores,
453 2663 508 2714 aut
522 2650 595 2712 aliis
610 2651 726 2714 officiis
740 2651 855 2726 dediti,
865 2652 1040 2716 litterarum
1056 2653 1156 2717 fuisse
1170 2674 1232 2717 crs·

281 2754 398 2819 dantur
411 2753 522 2835 ignari.
555 2753 689 2818 Librum
705 2754 904 2817 Psalmorum
920 2756 1106 2837 composuit
1120 2754 1232 2831 David,

282 2868 375 2922 utens
390 2853 548 2920 interdum
563 2853 739 2917 ministerio
754 2854 904 2931 virorum,
914 2856 970 2939 qui
984 2856 1018 2919 in
1035 2856 1230 2941 quorundam

280 2958 480 3022 Psalmorum
496 2954 596 3018 titrilis
609 2952 820 3016 ascribuntur.
849 2952 876 3015 F
877 2964 992 3017 uerunt
1005 2966 1115 3018 autem
1128 2954 1163 3017 hi
1178 2953 1230 3017 riri

282 3079 317 3135 x,
337 3059 392 3141 qui
413 3058 490 3120 licet
511 3056 636 3138 aliquos
657 3054 804 3118 Psalmos
824 3055 1077 3143 composuerint,
1092 3055 1181 3139 quod
1201 3068 1231 3119 et

281 3161 422 3239 vulgata,
437 3180 532 3241 quam
549 3157 691 3223 isidorus
705 3156 812 3229 refert,
827 3177 893 3220 non
910 3171 1008 3239 negat
1020 3159 1145 3242 opinio,
1159 3171 1232 3222 atta·

280 3280 355 3320 men
381 3279 492 3321 omnes
517 3259 638 3324 Psalmi
663 3258 816 3323 dicuntur
840 3278 910 3321 esse
937 3258 1085 3339 Dasidis,
1106 3260 1164 3344 qui
1186 3259 1231 3324 ais

281 3380 371 3422 suam
391 3360 648 3428 accommodarit
667 3360 899 3438 auctoritatem,
911 3361 1010 3445 juxta
1027 3360 1117 3446 quod
1135 3362 1230 3427 Justi·

279 3462 395 3524 nianus
411 3462 505 3525 docet
524 3462 558 3525 in
577 3461 702 3541 codice,
715 3461 839 3537 dicens,
856 3462 974 3525 Οηυιὶα
991 3464 1107 3530 merita
1124 3469 1231 3528 narn

270 3563 429 3647 sacimas,
455 3563 570 3645 quidese
597 3572 743 3631 nostram
773 3565 977 3647 impertimur
1000 3568 1229 3642 caecatam,

278 3668 355 3749 qaia
370 3688 410 3734 ea
424 3667 513 3731 nohis
525 3668 571 3730 eia
585 3668 687 3732 omnis
700 3669 906 3749 impertietur
918 3670 1112 3735 auctoritas.
1149 3669 1230 3735 Nam

280 3771 415 3854 quinon
432 3769 589 3833 subtiliter
603 3769 723 3835 sactum
742 3767 903 3844 emendat,
918 3768 1112 3835 laudabilior
1131 3782 1181 3833 est
1191 3790 1229 3835 eo

280 3873 337 3955 qui
359 3873 479 3955 primus
500 3871 630 3936 invenit
674 3869 796 3936 Esdras
819 3871 936 3937 librum
960 3870 1155 3955 composuit,
1177 3871 1230 3956 qui

279 3988 474 4054 praenotatur
490 3974 531 4036 ab
547 3973 630 4056 ipso,
646 3986 679 4035 et
695 3968 974 4053 Paralipomenon,
988 3993 1092 4056 usque
1106 3972 1149 4038 ad
1163 3972 1229 4038 dias

281 4093 364 4134 suos.
403 4073 577 4155 Reliquum
597 4093 670 4135 sero
689 4073 888 4157 scripserunt
900 4073 1130 4156 sapientissimi
1152 4074 1227 4147 lide·

280 4174 351 4235 liter
372 4194 556 4255 synagoga,
571 4196 644 4259 quae
666 4177 822 4257 templum
841 4174 1048 4239 reedificavit
1068 4177 1102 4241 in
1118 4177 1228 4249 Hiero·

280 4275 420 4359 solymis.
466 4275 599 4356 Moyses
625 4277 753 4359 scripsit
778 4278 842 4341 Joh
868 4278 1046 4342 secundum
1072 4278 1165 4354 istos,
1189 4276 1227 4342 dc

280 4398 344 4473 quo
367 4376 448 4440 nihil
469 4376 600 4441 definire
623 4377 787 4460 presumit
809 4379 936 4467 vulgata
956 4378 1079 4462 opinio,
1101 4381 1178 4445 licet
1196 4380 1226 4443 in
