3034 5500
153 741 351 821 1159451]
567 754 748 804 aersrosa.
1055 744 1113 803 113

149 909 311 974 desiderat
327 907 504 973 emendari.
526 908 581 972 Ad
597 908 750 976 illustrem
768 907 872 973 virum
888 908 971 995 regis
990 910 1111 996 Anglo-

151 1034 224 1076 rum
239 1010 469 1076 cancellarium
485 1011 686 1098 properabat,
701 1010 756 1075 sed
771 1034 856 1088 eum,
872 1011 932 1077 nisi
947 1034 1111 1097 processus

150 1109 340 1196 expedierit,
362 1108 521 1173 cohibete.
566 1110 726 1175 Garrulus
747 1110 833 1174 enim
853 1125 912 1189 est,
928 1124 960 1177 ct
982 1114 1039 1198 qui
1055 1113 1110 1176 vir

148 1213 287 1276 amicum
312 1210 444 1275 habebit
467 1211 621 1275 incuria.
667 1211 792 1276 Nollem
820 1226 925 1277 tamen
948 1215 1035 1300 quod
1060 1237 1111 1278 me

149 1311 322 1377 curialibus
336 1311 456 1376 faceret
471 1311 645 1376 inimicum.
692 1311 810 1376 Precor
825 1327 860 1378 ut
883 1337 956 1379 eum
978 1316 1106 1380 incunc-

151 1425 254 1478 tanter
277 1410 445 1489 erudiatis,
469 1435 607 1498 eumque
629 1418 810 1499 expectanti
834 1417 934 1478 amico
955 1418 1108 1482 remittite

149 1513 350 1598 castigatum.
389 1516 464 1578 Non
479 1513 628 1598 equidem
647 1526 682 1577 ut
698 1512 752 1577 l‘ur
766 1513 820 1576 ille
837 1513 989 1579 Cantuar.
1007 1517 1108 1595 Brito,

149 1613 188 1678 de
213 1615 311 1700 cujus
335 1636 433 1678 manu
463 1613 557 1677 avelli
587 1636 647 1677 non
679 1614 798 1698 potuit,
825 1628 994 1699 antequam
1022 1629 1109 1681 totus

149 1714 390 1802 depingeretur,
412 1715 495 1779 forte
519 1728 554 1779 ut
577 1714 703 1779 facilius
728 1716 829 1801 possit
850 1715 941 1799 argui
969 1716 1107 1780 bostium

148 1815 249 1879 oculis
271 1815 474 1902 ingerendus.
520 1819 615 1880 Hanc
639 1817 746 1902 itaque
769 1821 955 1882 Graecorum
979 1841 1108 1883 consue·

148 1915 294 1981 tudinem
311 1939 378 1981 esse
392 1916 568 1998 audieram,
579 1917 634 1981 sed
649 1939 715 1981 esse
728 1917 898 1983 Britonum
909 1918 1104 2004 ignorabam.

269 2185 507 2250 EPISTOLA
535 2186 821 2254 LXXXll.-so
835 2207 986 2254 runcant.

190 2322 299 2398 Quum
312 2319 381 2384 hoec
396 2319 575 2396 scriberem,
587 2322 711 2386 notario
721 2321 820 2386 risum
833 2325 931 2386 morit
943 2324 1105 2408 praemissa

147 2421 349 2486 salutationis
370 2421 545 2506 inscriptio,
565 2423 656 2508 cujus
677 2446 804 2488 causam
825 2424 1008 2510 inquisitus,
1027 2424 1104 2489 ridi·

145 2522 254 2587 culum
270 2543 321 2586 me
336 2522 543 2588 salutatorem
567 2524 688 2588 monuit
706 2523 794 2610 loqui
815 2525 1002 2604 consultius,
1017 2538 1049 2588 et
1064 2548 1103 2588 ne

146 2644 254 2689 amara
274 2636 307 2688 et
327 2623 465 2710 insipida
485 2623 635 2689 dulcibus
655 2624 814 2704 misceam,
830 2642 1026 2711 temperare:
1057 2628 1103 2691 ait

146 2724 228 2788 enim
241 2736 273 2788 te
284 2722 367 2788 sicut
377 2726 387 2759 ‘
394 2723 537 2788 salutem'
550 2736 714 2810 acceptare
725 2722 878 2801 oblatam,
887 2725 930 2789 sic
942 2727 1103 2812 aspernari

147 2823 466 2910 quodsubjungitur,
482 2829 536 2890 ‘et
550 2824 710 2909 seipsum?
747 2827 846 2889 Forte
857 2828 933 2911 quia
947 2849 1102 2903 amarum,

146 2925 220 3011 quia
254 2925 441 3010 insipidum,
471 2924 648 3012 praesertim
683 2924 770 2988 domi
807 2948 874 2990 suae
908 2925 1104 2993 dulcioribus

144 3024 334 3089 abundanti.
360 3025 434 3109 Ego
448 3038 556 3089 autem
572 3023 651 3109 quid
667 3023 709 3088 ad
724 3022 810 3089 ista?
831 3037 957 3089 mutare
970 3026 1105 3114 inscrip-

145 3124 265 3190 tionem
283 3139 378 3208 turpe
393 3124 535 3211 quidem,
550 3124 605 3189 sed
625 3147 694 3189 eam
711 3125 778 3189 siue
793 3126 986 3192 discussione
1001 3141 1104 3193 trans·

145 3227 276 3306 mittere
302 3226 505 3291 temerarium
538 3226 717 3291 videbatur.
763 3230 922 3292 Praeterea
950 3231 1002 3293 cui
1031 3233 1102 3298 haec

144 3324 326 3391 mandanda
344 3326 511 3402 discussio,
531 3326 709 3392 incertum:
740 3328 775 3392 Si
797 3328 880 3391 enim
902 3331 970 3415 ipse
991 3329 1100 3394 discu-

144 3430 221 3492 tiam
237 3426 385 3505 clemens,
398 3427 456 3491 tibi
472 3440 584 3512 potero
596 3448 661 3492 esse
673 3442 847 3514 suspectus,
859 3432 885 3493 si
896 3429 1100 3498 calumnianti

143 3527 259 3607 recolo,
273 3530 350 3615 qnia
373 3527 596 3593 calumniantis
618 3551 654 3592 os
674 3550 737 3591 uon
759 3528 901 3614 loquitur
922 3533 1100 3599 veritatem.

145 3631 177 3694 Si
190 3629 262 3705 tibi,
274 3629 408 3694 aemulus
418 3651 480 3692 non
496 3628 681 3714 adquiescit,
694 3629 813 3706 dicens,
826 3642 857 3693 te
868 3631 1020 3697 sinceram
1036 3657 1098 3699 non

142 3752 233 3815 posse
247 3730 331 3794 ferre
349 3728 547 3804 sententiam,
564 3730 620 3815 qui
637 3743 693 3795 aut
709 3728 749 3793 de
770 3753 853 3794 novo
868 3731 969 3798 bostis
983 3756 1028 3810 es,
1043 3749 1098 3800 aut

141 3829 181 3894 de
210 3831 346 3917 antiqua
374 3829 585 3894 familiaritate
615 3830 744 3895 amicus.
801 3830 931 3896 Privata
959 3857 1098 3922 namque

141 3933 267 3998 affectio
282 3932 470 3997 sententiam
487 3953 549 3995 non
566 3931 649 4017 parit
664 3932 892 4017 incorruptam.
925 3937 1002 4000 Post
1017 3938 1098 4001 mul-

141 4047 206 4097 tam
221 4034 334 4119 itaque
357 4030 618 4097 deliberationem
642 4030 768 4096 tandem
791 4032 884 4111 sedit,
902 4048 936 4099 ut
952 4036 1094 4120 judicem

140 4133 256 4219 eligam
272 4134 391 4198 domus
406 4145 481 4210 ture,
494 4132 560 4209 ubi,
574 4144 605 4197 te
620 4133 761 4210 absente,
777 4149 933 4220 praesente
950 4138 1096 4204 Waltero

141 4235 180 4299 de
203 4236 318 4314 Calna,
333 4234 391 4319 qui
415 4247 519 4298 tamen
540 4248 574 4300 et
589 4235 658 4321 ipse
673 4234 738 4299 doli
759 4236 847 4321 argui
869 4249 986 4320 potest,
1001 4261 1096 4302 causa

138 4339 331 4402 familiarius
346 4334 504 4419 agitetur:
535 4337 634 4421 partis
648 4336 800 4414 adversa,
816 4359 878 4401 non
895 4338 991 4401 timeo
1005 4339 1096 4425 adju.

183 4461 256 4506 VOL.
275 4461 298 4507 1.
616 4459 629 4503 1
