3034 5500
293 725 353 784 186
542 735 679 781 somme
694 734 976 779 saaasuaman'srs
1148 715 1191 795 [s.
1209 736 1235 779 n.

290 889 360 954 Dei.
398 889 490 954 Prior
504 911 634 976 quoque
646 886 785 952 Plinton.
802 898 833 950 et
844 882 947 949 abbas
957 884 1146 960 Tavistocb,
1157 885 1181 949 si
1195 899 1234 949 ta-

289 1013 358 1054 men
374 992 503 1075 sapiunt
518 1010 639 1076 pacem.
683 993 729 1054 Et
745 989 823 1052 tusi
843 1001 936 1075 potes
952 988 1021 1053 sine
1044 987 1235 1072 turpitudine

287 1090 485 1156 conscientiae
505 1103 536 1155 et
562 1091 657 1155 famae
682 1086 840 1154 declinare
866 1088 1121 1176 indignationem
1146 1111 1235 1152 amu·

287 1191 402 1271 lorum,
416 1192 449 1256 id
465 1192 570 1257 sacius.
609 1196 693 1257 Nam
710 1214 785 1276 quae
799 1200 878 1255 curs
891 1189 933 1253 de
945 1190 1148 1256 mobilibus?
1171 1192 1235 1273 Ego

288 1309 319 1357 te
334 1315 396 1357 non
412 1317 500 1369 curo,
517 1293 576 1358 nisi
596 1294 759 1379 praecipue
784 1315 887 1356 mores
912 1293 1089 1356 curaveris.
1136 1293 1235 1355 Valete

285 1415 357 1460 cum
370 1394 523 1461 tratribus
534 1396 621 1471 meis,
634 1409 666 1460 et
681 1395 762 1474 aliis,
772 1392 812 1458 de
827 1393 949 1480 quibus
960 1407 1076 1480 optare
1091 1393 1236 1458 debemus

286 1510 323 1560 ut
340 1495 475 1561 valeant.
522 1495 593 1560 Hoc
609 1497 668 1562 tibi
689 1495 918 1582 impertiuntur
941 1495 1113 1560 domestici
1133 1496 1235 1571 nostri

287 1620 370 1684 quos
385 1597 488 1663 valere
505 1598 677 1663 desideras

594 1883 814 1948 EPISTOLA
838 1883 929 1947 XCI.

330 2043 481 2104 Guarras
496 2053 634 2126 quantas
650 2063 778 2125 possum
796 2041 899 2106 refero
915 2039 1110 2105 sublimitati
1122 2055 1155 2105 et
1169 2041 1235 2104 fidei

285 2156 409 2215 vestrae,
426 2164 499 2227 quae
514 2163 564 2203 me
579 2164 635 2227 per
651 2155 698 2206 tot
715 2156 870 2208 terrarum
886 2159 918 2208 et
935 2143 1033 2207 maris
1048 2145 1154 2228 spatia
1170 2143 1234 2228 dig·

285 2257 359 2306 nata
374 2255 420 2305 est
437 2242 545 2329 scripti
558 2242 606 2306 sui
623 2242 735 2307 solatio
748 2267 896 2309 recreare.
935 2246 1097 2310 Fortunae
1110 2244 1232 2331 quidem

285 2345 451 2420 saevitiam,
466 2343 544 2408 dum
561 2344 592 2407 in
610 2361 786 2432 utrumque
808 2359 952 2411 nostrum
976 2347 1131 2412 saeviebat
1149 2346 1234 2409 rebe·

284 2460 405 2509 menter
419 2445 582 2523 exhorrui,
598 2446 652 2510 sed
667 2470 707 2511 ex
732 2472 796 2533 quo
810 2449 942 2534 spiritus
955 2449 1038 2534 ejus,
1053 2448 1147 2513 vobis
1167 2447 1233 2512 red·

282 2547 351 2611 dita
371 2548 478 2634 quiete
500 2547 672 2623 detumuit,
688 2572 797 2614 auram
814 2549 904 2626 mihi,
918 2567 951 2614 et
972 2550 998 2613 si
1023 2571 1088 2613 nou
1111 2550 1233 2627 sentire,

284 2648 332 2712 rel
348 2663 443 2724 certe,
455 2664 583 2716 auctore
596 2650 748 2729 Domino,
758 2665 790 2715 et
803 2664 908 2716 vestra
919 2651 1057 2716 faciente
1068 2650 1232 2727 industris,

284 2755 462 2839 prospicere
493 2753 602 2817 videor
632 2752 800 2817 mitiorem.
850 2754 943 2830 Quod
974 2754 1001 2817 si
1031 2754 1232 2840 exigentibus

286 2854 422 2937 peccatis
436 2856 524 2935 meis,
535 2878 623 2942 spem
640 2878 754 2936 meam,
765 2855 853 2941 quod
867 2855 962 2936 absit,
974 2855 1041 2919 falli
1058 2855 1233 2941 contigerit,

284 2955 360 3019 lorti
376 2970 407 3019 ct
424 2956 498 3020 laeto
511 2957 617 3020 animo
631 2979 688 3043 per
703 2955 949 3020 misericordiam
973 2957 1108 3021 Domini
1123 2978 1232 3043 corpus

285 3079 389 3119 meum
406 3056 531 3140 flagello
546 3058 787 3144 dispensationis
801 3056 919 3123 divina
935 3057 1116 3145 subjiciam,
1132 3074 1233 3123 certus

284 3158 369 3240 quod
386 3158 474 3220 nulla
489 3160 614 3223 nocebit
629 3160 814 3238 adversitas,
829 3160 854 3224 si
869 3160 1050 3247 iniquitatis
1060 3162 1147 3248 jugo
1156 3160 1231 3226 oolla

283 3258 481 3323 subtraxero.
528 3262 629 3325 Porro
659 3264 773 3327 mentis
804 3285 882 3327 mesa
914 3263 1082 3348 angustias
1110 3275 1231 3330 serenat

282 3358 498 3425 testimouium
514 3364 712 3428 conscientiae
734 3364 920 3435 innocentis,
934 3386 1009 3450 quae
1025 3365 1114 3430 illius
1136 3366 1231 3431 solius

280 3470 408 3521 veretur
425 3459 597 3544 judicium,
614 3479 687 3528 ante
709 3464 803 3549 cujus
825 3463 966 3528 tribunal
988 3464 1180 3530 convenient
1201 3466 1231 3528 in

281 3559 369 3623 brevi
384 3560 474 3624 dives
488 3576 520 3627 et
543 3587 675 3650 pauper,
690 3580 722 3629 et
744 3577 901 3650 cogentur
921 3587 1031 3629 omues
1054 3566 1112 3631 filii
1135 3567 1230 3630 borni·

281 3684 357 3725 num
373 3684 433 3746 pro
448 3686 480 3729 se
495 3665 627 3729 reddere
641 3667 805 3731 rationem.
844 3668 1005 3731 Caeterum
1020 3669 1230 3733 innocentiam

280 3787 380 3827 meam
399 3767 475 3853 qnid
492 3768 606 3832 attinet
621 3792 782 3844 excusare,
797 3791 900 3855 quum
916 3792 985 3833 eam
1001 3773 1154 3836 sanctitas
1166 3794 1229 3834 ves·

279 3881 329 3931 tra
344 3869 468 3954 plenius
483 3886 515 3934 et
531 3870 658 3955 planius
675 3872 823 3936 noverit?
855 3872 945 3936 Sicut
966 3873 1064 3938 suerit
1087 3873 1231 3938 voluntas

279 3970 311 4032 in
338 3971 429 4047 eoelo,
456 3970 499 4035 sic
524 3974 588 4037 liat.
636 3973 690 4036 Bis
714 3972 834 4050 exulat,
859 3973 917 4058 qui
943 3973 1030 4037 domi
1057 3976 1180 4053 exulat,
1199 3990 1228 4039 et

279 4074 515 4156 peregrinantes
537 4075 707 4150 interdum,
727 4075 861 4161 gratiam
886 4076 1112 4167 proeordinatae
1134 4078 1228 4145 felici·

279 4172 351 4236 tatis
367 4197 428 4240 non
444 4177 569 4259 deserit.
