3034 5500
429 767 470 823 50
684 775 823 819 Joauuts
838 772 1118 817 ssncsaamuusis
1291 755 1339 829 [a.
1355 773 1383 816 n.

432 942 464 993 et
480 926 619 990 Domino
632 939 762 989 auctore
777 945 952 1008 numquam
976 921 1185 985 schismaticis
1200 922 1384 990 adhaerehit.

432 1029 573 1093 Ecclesia
590 1050 665 1092 vero
682 1027 857 1101 Gallicana,
875 1025 956 1089 sicut
972 1024 1062 1088 nohis
1076 1025 1221 1090 veridica
1237 1027 1383 1091 relatione

429 1129 580 1206 innotuit,
592 1130 710 1215 recepit
727 1128 942 1194 Alexandrum
956 1139 988 1190 et
1003 1128 1044 1190 ah
1057 1127 1238 1190 Octaviano
1249 1129 1382 1191 recessit.

430 1231 524 1309 Quod
540 1246 646 1295 autem
663 1229 703 1294 ad
720 1229 893 1292 humanum
910 1238 1033 1313 spectat
1052 1249 1200 1304 examen,
1215 1227 1339 1291 meliori
1352 1240 1380 1292 et

379 1384 383 1393 .
429 1333 546 1396 saniori
558 1335 641 1417 parti
653 1330 781 1395 videtur
792 1329 973 1407 adhaesisse,
984 1350 1086 1414 quum
1101 1329 1254 1392 omnibus
1265 1343 1381 1393 constet

429 1435 516 1520 quod
548 1457 681 1520 persons
705 1431 882 1496 Alexandri
909 1430 1070 1494 honestior
1095 1443 1154 1504 est,
1183 1430 1380 1516 prudentior,

428 1533 609 1612 litteratior,
621 1534 833 1621 eloquentior:
857 1549 889 1595 et
900 1556 994 1596 causa
1009 1533 1079 1617 ejus
1093 1533 1135 1595 ab
1150 1533 1302 1597 omnibus
1313 1533 1380 1596 inde

428 1640 628 1704 venientibus
639 1637 788 1702 sincerior
802 1650 833 1700 et
842 1636 960 1721 justior
975 1635 1184 1721 praedicetur.
1213 1638 1260 1700 Et
1272 1658 1378 1722 quam·

395 1752 408 1771 ⁶
427 1741 476 1805 vis
501 1744 647 1806 neutrius
677 1741 803 1803 illorum
829 1738 935 1802 adhuc
961 1738 1111 1801 nuntium
1142 1750 1199 1801 aut
1227 1739 1376 1825 scriptum

427 1844 610 1923 viderimus,
637 1842 751 1906 scimus
782 1855 885 1905 tamen
915 1839 992 1924 quia
1021 1862 1130 1903 omnes
1160 1853 1331 1914 nostrates,
1355 1841 1378 1903 si

427 1958 531 2007 vester
556 1965 726 2006 consensus
749 1940 889 2017 affuerit,
912 1939 1074 2024 proniores
1097 1953 1174 2005 sunt
1201 1939 1233 2002 in
1257 1953 1376 2026 partem

427 2043 609 2109 Alexandri.
634 2042 824 2107 Audivimus
845 2055 950 2107 autem
972 2041 1058 2127 qnod
1082 2041 1257 2127 imperator
1272 2064 1327 2105 vos
1347 2040 1376 2103 in

425 2158 547 2228 partem
572 2143 734 2207 Octaviani
757 2141 882 2205 trahere
905 2156 1055 2206 conetur:
1088 2142 1141 2204 sed
1166 2143 1262 2221 absit,
1285 2156 1320 2206 ut
1346 2143 1375 2204 iu

426 2258 515 2310 tanto
530 2244 670 2329 periculo
685 2243 824 2307 ecclesiae
844 2266 904 2327 pro
919 2267 1023 2307 amore
1039 2242 1087 2306 vel
1109 2245 1229 2307 honore
1246 2244 1376 2307 hominis

426 2348 547 2412 faciatis
563 2348 621 2409 nisi
634 2345 721 2432 quod
736 2344 934 2409 credideritis
951 2346 1089 2409 Domino
1105 2346 1310 2429 placiturum,
1323 2369 1375 2409 nec

424 2448 513 2511 decet
548 2449 742 2532 majestatem
774 2462 922 2526 vestram,
944 2447 969 2509 si
992 2445 1106 2533 placet,
1130 2458 1168 2510 ut
1199 2448 1376 2512 inconsulta

423 2549 553 2612 ecclesia
568 2546 657 2633 regni
672 2547 767 2611 vestri
782 2548 1002 2634 superponatis
1013 2548 1042 2610 ei
1058 2547 1230 2627 hominem,
1241 2550 1297 2636 qui
1313 2550 1375 2613 sine

423 2649 583 2724 electione,
595 2662 626 2713 et
643 2663 678 2713 ut
694 2648 822 2733 publice
838 2648 967 2728 dicitur,
979 2649 1045 2712 sine
1059 2650 1164 2733 gratia
1175 2651 1306 2715 Domini
1321 2674 1375 2736 per

421 2753 561 2818 favorem
585 2766 616 2817 et
644 2753 707 2816 vim
730 2752 931 2837 imperatoris
953 2764 1078 2815 tantum
1103 2752 1254 2816 honorem
1278 2776 1375 2818 ausus

422 2869 470 2919 est
495 2877 660 2941 occupare.
707 2854 790 2916 Nam
821 2866 889 2917 tota
915 2852 982 2914 fere
1010 2851 1141 2915 ecclesia
1171 2852 1316 2918 Romana
1343 2856 1374 2918 in

422 2972 513 3042 parte
531 2957 704 3021 Alexandri
721 2969 778 3020 est.
804 2955 994 3020 Incredibile
1005 2966 1112 3019 autem
1129 2969 1187 3035 est,
1198 2957 1289 3042 quod
1304 2980 1375 3044 pars

421 3060 476 3123 illa
501 3062 600 3145 possit
625 3060 769 3123 obtinere
794 3071 824 3122 et
858 3057 1028 3143 praevalere
1054 3081 1112 3144 per
1136 3058 1298 3123 hominem
1324 3060 1373 3123 cui

417 3162 545 3245 justitia
564 3161 663 3234 deest,
679 3160 730 3222 cui
754 3161 913 3224 Dominus
935 3160 1141 3226 adversatur:
1173 3186 1228 3226 eos
1248 3164 1373 3227 veroin

422 3262 533 3326 humili
556 3284 630 3323 casu
655 3259 867 3345 praevaluisse,
889 3266 1000 3325 crebra
1022 3264 1190 3328 recolimus
1212 3265 1375 3342 relatione,

420 3387 502 3448 quos
525 3362 691 3425 Gallicana
713 3363 829 3446 recepit
847 3378 878 3428 et
901 3364 982 3428 fovit
1005 3365 1145 3441 ecclesia,
1161 3378 1192 3429 et
1217 3367 1373 3431 infelicem

420 3461 541 3525 exitum
565 3483 674 3525 eorum
698 3485 780 3548 quos
798 3464 998 3527 Teutonicus
1020 3466 1160 3549 impetus
1183 3464 1376 3532 introduxit.

421 3564 472 3628 Sic
498 3564 705 3628 obtinuerunt
730 3566 928 3651 temporibus
951 3569 1068 3631 nostris
1092 3570 1301 3632 innocentius
1321 3568 1375 3632 ad-

418 3689 527 3729 versus
540 3670 680 3742 Petrum,
692 3666 841 3730 Calixtus
851 3668 890 3730 ad
898 3690 1005 3731 versus
1019 3669 1212 3744 Burdinum,
1225 3672 1375 3734 Urbanus

416 3768 1373 3854 adversusWihertum,paschalisadversustres‚Albertum,

417 3871 645 3955 Muginulfum,
655 3870 902 3947 Theudoricum,
911 3885 943 3935 et
954 3871 1046 3936 multi
1059 3872 1205 3936 similiter
1214 3873 1248 3935 in
1258 3874 1372 3938 diebus

417 3986 554 4058 potrum.
601 3974 702 4036 Nobis
721 3994 797 4055 ergo
818 3973 983 4056 provideat
1004 3973 1149 4056 dignatio
1170 3986 1289 4052 vestra,
1307 3997 1371 4039 ves

416 4091 564 4162 trumque
594 4077 624 4140 in
652 4092 773 4162 purtem
805 4074 889 4137 illam
920 4076 1009 4138 Deus
1038 4075 1168 4140 inclinet
1195 4099 1369 4154 assensum,

416 4202 488 4265 quae
504 4179 640 4266 justitiae
660 4192 692 4241 et
715 4176 838 4240 veritati
855 4176 1014 4252 innititur,
1030 4192 1061 4241 et
1079 4178 1209 4243 Christo
1229 4180 1370 4267 propitio

413 4281 637 4370 triumphabit,
664 4295 695 4344 et
726 4283 751 4343 si
784 4279 875 4341 vobis
902 4279 1015 4363 placet,
1042 4280 1072 4344 in
1104 4293 1196 4345 tanto
1228 4284 1370 4369 periculo

413 4389 508 4453 totius
534 4385 672 4449 ecclesiae
696 4381 837 4456 Domini,
863 4382 1018 4447 utendum
1045 4396 1092 4447 est
1121 4384 1211 4447 vobis
1238 4386 1369 4452 consilio
