3034 5500
188 794 300 875 1166]
593 806 773 853 uersroaln.
1078 797 1141 854 307

184 971 287 1024 metes
309 960 400 1043 regni
422 959 626 1038 Francorum,
649 970 683 1024 et
703 959 831 1024 tandem
856 960 888 1022 in
915 959 1044 1042 propria
1065 982 1137 1044 per-

183 1082 265 1125 sona
285 1059 468 1125 accessistis
491 1060 533 1123 ad
558 1062 754 1145 colloquium
780 1062 861 1146 ejus,
883 1070 915 1124 et
941 1062 1138 1126 sustinuistis

183 1163 356 1245 repulsam.

227 1263 399 1339 Craterum,
416 1265 493 1348 quia
515 1265 659 1348 episcopi
682 1266 785 1328 nostri
807 1265 962 1343 scribunt,
981 1275 1014 1328 et
1035 1264 1136 1327 confi·

182 1365 298 1430 denter
310 1367 488 1450 pradicant
502 1388 574 1429 eum
587 1365 627 1429 ad
639 1388 766 1430 omnem
777 1367 935 1451 justitiam
947 1376 980 1430 et
994 1366 1135 1430 debitam

182 1468 430 1531 satisfactionem
461 1489 532 1531 esse
565 1478 723 1552 paratum,
751 1477 784 1531 et
813 1469 905 1530 etiam
945 1469 1022 1532 satis
1060 1467 1135 1531 dare

181 1569 354 1647 volentem,
368 1570 396 1633 si
412 1570 490 1633 ratio
506 1571 650 1652 exegerit
657 1592 666 1646 ;
697 1570 775 1632 mihi
798 1581 829 1632 et
851 1569 1041 1653 quibusdam
1064 1569 1136 1632 aliis

181 1669 294 1733 amicis
317 1670 430 1732 vestris
448 1669 572 1733 ridetur
593 1670 775 1747 consilium,
790 1680 825 1734 nt
846 1671 985 1735 evocetis
1006 1670 1134 1752 episco-

180 1792 253 1853 pos,
275 1780 308 1834 et
330 1773 519 1836 nominatim
540 1773 614 1835 illos
644 1773 699 1855 qui
725 1773 845 1836 litteras
866 1773 1080 1854 signaverunt,
1102 1780 1135 1832 et

180 1873 310 1938 Saresb.
335 1874 392 1956 qui
419 1874 460 1936 de
484 1874 604 1957 injusta
629 1875 837 1958 suspensione
863 1874 1080 1958 conqueritur,
1103 1883 1135 1936 et

180 1975 327 2058 Wigom.
351 1977 408 2059 qui
431 1985 479 2038 est
509 1976 704 2059 principium
731 1976 942 2056 generationis
964 1986 1075 2039 vestrae
1100 1975 1133 2037 in

180 2077 335 2156 Domino,
349 2089 382 2140 et
405 2077 432 2140 si
456 2078 510 2161 qui
533 2078 586 2140 alii
610 2090 693 2156 suut,
709 2099 843 2160 quorum
867 2078 976 2140 utilem
996 2075 1134 2140 credatis

178 2198 250 2240 esse
266 2179 478 2259 praesentiam,
489 2191 522 2242 et
535 2178 743 2262 experiamini
755 2199 796 2240 an
808 2177 874 2240 fida
888 2178 930 2240 sit
940 2176 1133 2253 testificatio,

178 2277 377 2361 praedicatio,
405 2289 438 2342 et
466 2281 623 2364 scriptura
651 2300 771 2342 eornm.
819 2280 935 2343 Vocati
964 2291 1069 2342 autem
1098 2279 1133 2340 in

178 2378 294 2443 virtute
316 2377 508 2443 obedientia
530 2377 663 2443 fortasse
686 2401 750 2442 nou
771 2381 907 2456 venient,
921 2380 998 2444 licet
1018 2380 1131 2442 inobe-

177 2478 333 2543 dientiam
347 2483 436 2545 nulla
451 2502 603 2565 umquam
616 2482 791 2564 appellatio
807 2493 920 2544 tuetur.
959 2481 1023 2544 Sed
1033 2501 1130 2544 causa

176 2593 282 2645 restra
295 2582 447 2666 liquidior
460 2584 529 2661 erit,
545 2583 573 2647 si
587 2583 710 2645 falsitas
725 2592 758 2644 et
780 2583 899 2646 malitia
914 2603 1022 2645 eorum
1037 2583 1132 2668 suerit

176 2685 324 2748 revelata.
365 2687 441 2748 Non
457 2694 562 2748 tamen
578 2684 711 2747 arbitror
726 2704 838 2746 omnes
852 2685 1032 2767 episcopos,
1047 2685 1132 2746 sicut

175 2807 237 2850 nec
260 2806 414 2870 personas
439 2789 473 2851 iu
501 2787 685 2851 dioceeibus
706 2786 907 2864 constitutas,
928 2806 1007 2869 quas
1033 2786 1131 2849 fallax

174 2886 299 2952 claudit
313 2888 490 2973 inscriptio,
504 2889 580 2952 huic
596 2889 726 2952 malitiae
741 2888 933 2965 consentire,
949 2908 1047 2971 quum
1062 2907 1129 2950 cer·

158 2968 244 3052 'tum
265 2988 318 3063 sit,
334 3000 388 3053 aut
409 2991 522 3053 saltem
538 2988 682 3053 rideatur
703 3009 773 3051 esse
794 2988 973 3071 probabile,
986 2988 1019 3049 in
1042 2997 1130 3051 tanta

174 3091 318 3155 ecclesia
337 3095 375 3154 ts
390 3092 632 3175 episcopatuum
648 3087 752 3154 adhuc
774 3090 911 3153 inveniri
925 3090 974 3152 vel
988 3087 1061 3151 illos
1080 3092 1129 3165 10,

174 3213 312 3277 quorum
350 3193 620 3276 contemplatione
659 3193 786 3255 interim
826 3190 986 3254 Dominus
1014 3191 1128 3253 insulae

173 3294 290 3377 parcit,
303 3314 345 3355 ne
361 3314 435 3358 cum
450 3293 610 3356 sororibus
626 3294 704 3371 suis,
720 3313 853 3376 quarum
876 3293 1017 3355 imitatur
1032 3294 1127 3355 luxu·

172 3394 254 3458 riam
276 3404 310 3458 et
331 3395 540 3477 impietatem,
562 3392 706 3456 funditus
729 3391 881 3455 deleatur.
928 3394 1019 3457 Licet
1041 3395 1126 3457 enim

172 3496 274 3581 aliqui
297 3499 371 3581 plus
389 3496 477 3581 justo
503 3506 640 3570 taceant,
665 3506 697 3558 et
721 3516 924 3580 quacumque
947 3496 1129 3562 considera·

171 3598 262 3663 tione
277 3600 494 3663 dissimulent:
527 3597 623 3662 credo
639 3608 745 3662 tamen
761 3598 886 3682 aliquos
899 3598 934 3661 iu
956 3594 1128 3682 episcopis,

171 3711 206 3764 et
227 3702 345 3765 multas
366 3722 519 3784 personas
546 3700 586 3764 de
613 3700 749 3784 puritate
777 3698 852 3763 fidei
874 3712 907 3763 ct
928 3700 1127 3762 conscientia

172 3803 328 3864 bonorum
344 3821 476 3884 operum
502 3822 628 3884 sperare
644 3811 676 3863 et
699 3812 872 3882 expectare
896 3821 1027 3882 regnum
1052 3801 1126 3863 Dei.

171 3902 259 3966 Nam
269 3911 304 3965 et
316 3902 441 3984 Joseph
451 3899 557 3964 fidelis
568 3901 715 3964 inventus
727 3901 818 3963 estin
834 3902 929 3963 domo
942 3900 1128 3979 Pharaonis,

172 4001 260 4067 Loth
280 4002 389 4086 justus
415 4002 530 4066 mansit
553 4003 588 4065 iu
614 4001 774 4075 Sodomis,
800 4001 899 4065 Cusai
924 4003 956 4063 in
984 4003 1128 4066 consiliis

170 4105 314 4168 Absalou
335 4103 456 4168 utiliter
471 4115 613 4166 versatus
628 4114 686 4177 est,
702 4101 820 4165 Daniel
834 4103 1025 4166 innocenter
1046 4124 1127 4187 prae·

170 4206 230 4270 fait
258 4206 294 4270 in
327 4207 506 4287 Babylone,
536 4204 658 4268 Abdias
696 4206 730 4267 in
760 4205 922 4268 consortio
952 4206 1066 4270 Achab
1094 4217 1127 4269 et

168 4307 318 4384 Jezabel,
334 4305 539 4370 dissimulans
554 4326 628 4370 cum
651 4304 772 4385 dolore,
788 4329 858 4389 quae
874 4306 1044 4370 emendare
1059 4324 1125 4367 non

169 4418 305 4489 poterat.
353 4402 530 4489 Prophetas
552 4407 686 4470 Domini
707 4408 742 4468 in
764 4406 851 4469 atriis
866 4406 1125 4468 latitantes'salu·

628 4513 685 4569 xa
