3034 5500
148 709 345 789 use-oa]
532 725 711 770 aersrona.
1037 718 1094 774 177

142 879 326 967 plenissime
352 876 554 941 demandari:
586 890 616 940 et
645 876 720 962 quia
742 877 924 962 religionem
947 899 1095 962 vestram,

140 997 177 1048 ut
189 981 333 1056 dicebat,
344 978 424 1042 falsa
436 978 637 1064 suggestione
649 979 931 1065 circumvenerant,
944 983 965 1045 ii
978 985 1010 1046 in
1023 1005 1096 1070 pro-

140 1083 272 1151 batione
298 1080 468 1168 procedere
495 1080 656 1156 nolebant,
683 1101 715 1142 se
740 1081 847 1146 omnia
870 1083 910 1145 ad
937 1086 1095 1151 consulta·

141 1189 262 1253 tionem
289 1197 425 1247 vestram
453 1182 536 1246 dixit
564 1182 750 1261 relaturum,
774 1197 805 1248 et
829 1185 918 1248 vobis
944 1200 1094 1274 tanquam

141 1287 227 1378 patri
243 1299 277 1351 et
300 1284 430 1348 domino
446 1284 478 1347 in
496 1284 643 1347 omnibus
666 1285 854 1370 pariturum.
903 1291 1095 1356 Procedente

140 1414 219 1456 vero
242 1403 398 1472 tempore,
413 1399 582 1472 antequam
601 1386 671 1472 ejus
695 1391 826 1452 nuntius
850 1388 962 1454 advos
986 1415 1094 1477 perve-

141 1494 252 1568 nisset,
276 1488 461 1554 mandatum
487 1503 625 1552 vestrum
651 1488 690 1551 de
718 1489 892 1553 coercendo
915 1493 1015 1558 milite
1039 1495 1096 1558 ite-

141 1596 245 1662 rastis.
291 1596 361 1658 Nos
383 1592 492 1676 itaque
519 1590 676 1654 mandatis
702 1591 813 1655 restris
839 1593 978 1658 debitam
1009 1619 1094 1660 reve-

142 1698 277 1764 rentiam
289 1707 322 1759 et
333 1693 544 1758 obedientiam
558 1693 755 1772 exhibentes,
766 1694 840 1759 licet
856 1695 944 1759 miles
956 1720 988 1760 se
999 1700 1095 1784 justi·

142 1800 198 1865 tiae
221 1818 346 1884 semper
371 1794 509 1867 offerret,
535 1807 566 1856 et
594 1816 611 1856 e
638 1807 747 1857 contra
774 1797 917 1858 monachi
944 1813 1093 1863 eventum

137 1900 257 1990 judicii
270 1899 431 1984 fugerent,
446 1895 609 1960 ecclesiam
634 1918 705 1959 cum
727 1897 875 1962 omnibns
898 1901 1095 1985 pertinentiis

142 2004 221 2082 suis,
236 2002 332 2068 etiam
347 2023 419 2064 cum
444 1999 584 2086 periculo
601 2013 708 2064 nostro
731 2003 1008 2087 sequestravimus,
1025 2029 1092 2069 eam

142 2104 315 2170 retinentes
330 2102 361 2166 in
378 2123 474 2166 manu
493 2113 611 2179 nostra,
627 2099 725 2163 donec
742 2102 830 2166 vobis
852 2116 883 2167 et
908 2104 951 2168 rei
969 2107 1093 2185 veritas,

142 2223 174 2275 et
192 2206 285 2272 nobis
300 2206 447 2268 voluntas
464 2217 569 2267 vestra
590 2202 714 2288 plenius
737 2208 923 2271 innotescat.
970 2209 1002 2272 Si
1020 2233 1094 2273 vero

143 2310 286 2374 chartam
316 2304 442 2370 nomine
472 2318 579 2369 nostro
605 2319 787 2390 conceptam
816 2306 861 2370 illi
892 2310 1093 2393 protulerint,

142 2435 212 2479 eam
227 2427 266 2476 ut
281 2409 503 2495 imperfectum
525 2424 667 2473 nostrum
683 2408 852 2488 fateamur,
868 2434 888 2473 a
911 2413 1001 2476 nobis
1018 2416 1045 2477 ri
1062 2430 1093 2481 et

142 2527 231 2580 metu
247 2509 422 2597 supradicti
439 2509 565 2596 tyranni
582 2509 686 2572 sciatis
705 2524 873 2578 extortam.
920 2514 992 2578 Hoc
1015 2539 1094 2602 quo-

144 2637 208 2702 que
222 2626 255 2678 et
270 2626 405 2677 vestram
421 2634 483 2675 non
507 2610 603 2674 lateat
627 2611 835 2696 majestatem,
851 2613 938 2698 quod
957 2613 1093 2681 devotus

144 2729 248 2782 vester
269 2715 410 2779 Joannes
432 2712 646 2778 thesaurarius
670 2712 889 2791 Eboracensis,
911 2738 1004 2800 quem
1029 2742 1093 2782 mo

143 2818 248 2894 nachi,
264 2839 347 2902 saepe
364 2816 555 2879 nominatam
579 2814 739 2878 ecclesiam
756 2837 813 2899 per
838 2837 965 2878 manum
983 2817 1091 2883 laicam

140 2930 286 2983 asserunt
298 2937 478 3000 occupasse,
488 2936 652 3000 nunquam
665 2911 784 2976 adeam
798 2936 925 2977 manum
937 2918 1092 2997 extendit,

141 3034 200 3087 aut
222 3042 326 3084 causoe
345 3018 414 3103 ejus
432 3040 463 3081 se
479 3020 587 3103 aliquo
609 3014 704 3079 modo
725 3015 910 3094 immiscuit,
927 3018 984 3081 nisi
1003 3021 1091 3105 quod

140 3122 280 3189 fideliter
300 3120 403 3184 astitit
424 3120 522 3183 veteri
543 3119 655 3196 amico,
671 3141 767 3204 quem
789 3119 855 3182 sine
875 3118 1039 3203 dedecore,
1060 3139 1091 3189 et

140 3225 315 3291 amicorum
337 3226 457 3285 enormi
477 3219 596 3284 damno
615 3243 677 3283 non
703 3232 827 3307 poterat
855 3224 887 3285 in
908 3225 1092 3290 necessitate

139 3327 295 3392 deserere.
341 3322 565 3408 Supplicamus
587 3344 663 3406 ergo
682 3321 859 3408 dignationi
879 3338 991 3388 vestrae
1015 3349 1091 3413 qua-

141 3429 227 3495 tinus
241 3450 280 3491 ea
294 3425 510 3489 moderatione
525 3422 612 3509 quod
628 3423 766 3509 placebit
787 3448 881 3510 super
897 3427 956 3490 boc
980 3431 1091 3515 praeci-

141 3528 249 3615 piatis,
263 3540 301 3592 ut
316 3524 474 3600 monachi,
491 3524 516 3588 si
531 3523 610 3611 quid
622 3524 707 3609 juris
721 3525 851 3605 babent,
866 3526 900 3591 id
921 3527 967 3591 ita
986 3552 1092 3594 conse-

141 3641 294 3717 quantur,
308 3650 348 3691 ne
363 3649 420 3691 nos
439 3625 686 3712 indignationem
710 3625 829 3689 domini
852 3632 947 3713 regis,
963 3644 995 3694 et
1022 3654 1091 3717 per-

141 3732 363 3817 sequutionem
380 3732 519 3792 omnium
537 3750 714 3814 procerum,
726 3728 781 3814 qui
797 3728 1000 3796 scandalizati
1017 3748 1090 3797 sunt

141 3834 173 3897 in
197 3833 258 3896 hoc
274 3832 384 3908 verbo,
403 3832 614 3907 incurramus,
629 3850 796 3915 precamur
820 3844 855 3894 ut
878 3831 1001 3896 fidelem
1027 3859 1092 3899 res·

142 3932 401 4015 trom‚dilectum
419 3930 520 3995 filium
537 3943 676 3994 restrum
693 3934 845 3996 Joannem
860 3932 1091 3999 thesaurarium

142 4037 390 4110 Eboracensem,
414 4031 465 4095 cui
491 4031 604 4095 vitiosa
633 4030 858 4094 monachorum
891 4035 1092 4118 suggestione

141 4139 344 4225 aliquatenus
359 4133 501 4198 laetitiam
525 4132 715 4210 excussistis,
731 4132 849 4196 debitae
871 4135 1093 4201 consolationis

141 4239 292 4305 beneficio
307 4234 499 4302 exhilaretis.

182 4472 252 4518 vot..
271 4471 295 4515 1.
