3034 5500
284 740 481 820 tloa-os]
674 758 854 803 seurota.
1178 746 1239 809 169

277 933 354 986 esse,
366 909 399 973 in
415 907 586 994 praesentia
600 921 707 972 nostra
717 921 913 994 conquestus
925 921 984 988 est,
997 914 1161 997 postulans
1177 913 1236 978 sibi

276 1013 315 1076 de
332 1012 374 1076 G.
391 1011 583 1098 presbytero
602 1009 642 1072 de
658 1009 902 1087 Wichelemera,
918 1011 974 1096 qui
990 1035 1042 1075 eas
1056 1014 1238 1099 occuparit,

275 1128 307 1179 et
321 1113 465 1200 quodam
484 1113 597 1193 milite,
614 1112 765 1188 Ricardo,
781 1113 838 1199 qui
854 1112 945 1178 fundi
960 1113 1108 1178 dominus
1129 1129 1189 1194 est,
1203 1129 1236 1180 et

275 1216 447 1302 occupanti
471 1214 702 1301 patrocinatur,
721 1215 880 1300 justitiam
897 1216 1050 1280 exhiberi.
1090 1217 1237 1283 Partibus

277 1338 353 1382 vero
365 1315 494 1380 tandem
509 1315 723 1401 peremptoria
738 1316 790 1379 die
805 1317 950 1402 praelixa,
963 1339 1063 1400 quum
1079 1318 1236 1403 praefatus

277 1418 340 1481 An.
356 1417 494 1493 adesset,
511 1438 586 1502 pars
601 1416 733 1480 adversa
748 1417 998 1502 tergiversando,
1010 1417 1051 1480 ad
1067 1418 1237 1484 frustrato-

277 1517 338 1580 rias
348 1516 518 1579 dilationes
529 1515 686 1599 confugit,
698 1539 778 1601 quas
790 1539 890 1602 quum
902 1518 947 1580 eis
958 1517 1043 1600 juris
1053 1517 1133 1580 ratio
1144 1517 1238 1581 dene·

277 1630 394 1702 gasset,
412 1614 590 1699 jamdictus
617 1615 706 1679 miles
728 1617 788 1679 sibi
815 1639 834 1678 a
856 1616 955 1679 nobili
978 1615 1047 1678 viro
1074 1616 1238 1680 Willelmo

278 1719 377 1782 fratre
392 1720 489 1801 regis,
503 1716 634 1780 domino
649 1740 717 1796 suo,
732 1717 816 1781 dixit
837 1740 904 1780 esse
919 1716 1128 1802 prohibitum,
1146 1739 1184 1781 ne
1199 1739 1237 1780 eo

278 1819 422 1893 absente,
444 1840 540 1903 super
563 1817 703 1896 decimis,
722 1818 762 1880 de
785 1818 905 1902 quibus
924 1817 1092 1902 agebatur,
1111 1841 1237 1884 causam

279 1919 511 2006 ingrederetur.
531 1919 796 1984 Praememoratus
807 1942 938 2005 quoque
950 1920 1126 2005 presbyter,
1136 1943 1238 2006 quum

279 2022 390 2086 cedere
406 2020 529 2085 videret
552 2020 697 2095 militem,
713 2021 806 2105 cujus
826 2021 1003 2105 patrocinio
1018 2020 1191 2102 nitebatur,
1206 2045 1238 2085 se

279 2146 339 2187 non
349 2123 552 2208 litigaturum
565 2121 741 2207 respondit.
768 2124 875 2199 Quum
889 2145 966 2207 ergo
974 2136 1062 2187 actor
1073 2124 1240 2208 productis

280 2225 403 2289 idoneis
420 2224 568 2302 testibus,
583 2223 702 2310 quibus
722 2223 917 2304 abundabat,
933 2246 1053 2288 summa
1074 2225 1237 2304 instantia,

280 2339 316 2391 ut
330 2330 434 2412 ipsius
447 2322 595 2412 probatio
618 2325 824 2410 reciperetur,
839 2350 858 2390 a
872 2325 964 2389 nobis
982 2326 1191 2411 impetrasset,
1206 2341 1239 2392 et

280 2451 315 2492 ea
330 2441 459 2510 recepta
474 2427 605 2490 consilio
617 2426 728 2510 synodi
745 2449 845 2511 quum
865 2449 922 2512 pro
936 2449 974 2490 eo
989 2427 1085 2491 laturi
1099 2449 1239 2492 essemus

280 2529 483 2605 sententiam,
498 2526 690 2613 saepedictus
710 2527 878 2613 presbyter
893 2529 934 2595 ad
951 2542 1087 2592 vestram
1108 2528 1239 2592 audien-

279 2632 354 2695 tiam
379 2628 565 2716 appellavit,
589 2628 674 2692 diem
697 2630 866 2714 praefigens
891 2632 994 2698 Quasi
1017 2632 1105 2693 modo
1124 2633 1237 2710 geniti.

281 2732 347 2797 Vos
360 2733 473 2819 itaque
488 2743 585 2816 prout
598 2731 689 2794 Deus
704 2731 794 2796 vobis
809 2731 1022 2817 inspiraverit,
1035 2752 1138 2794 causae
1153 2729 1241 2794 debi-

278 2846 346 2898 tum
363 2834 459 2897 linem
475 2832 656 2919 imponetis.

474 3131 696 3194 EPISTOLA
720 3131 879 3194 CX.-no
896 3147 1049 3191 sonoras.

527 3283 666 3345 Domino
682 3284 785 3363 Papa
801 3280 999 3344 Alexandro.

330 3431 499 3502 Maenala,
513 3426 694 3494 dulcissime
710 3440 812 3514 pater,
828 3447 1072 3513 conceperamus
1086 3426 1244 3508 laetitiam,

280 3543 458 3616 sperantes,
480 3540 518 3595 ut
539 3531 624 3595 lama
645 3543 724 3605 erat,
748 3554 805 3593 nos
827 3531 907 3593 citra
930 3528 1026 3615 Alpes
1048 3551 1139 3614 posse
1162 3553 1243 3615 pra·-

281 3632 392 3695 sentiae
420 3648 533 3696 vestrae
556 3632 669 3696 solatio
692 3631 834 3696 recreari.
879 3635 979 3694 Versa
1005 3644 1052 3695 est
1079 3644 1183 3696 tamen
1208 3633 1242 3696 in

281 3732 404 3797 luctum
429 3732 563 3818 cythara
577 3746 698 3809 nostra,
714 3747 745 3797 et
766 3732 920 3816 gaudium
937 3732 1061 3796 transiit
1082 3731 1113 3794 in
1129 3755 1244 3798 moero-

282 3855 360 3911 rem,
387 3854 430 3895 ex
457 3854 523 3917 quo
549 3855 608 3919 pro
635 3845 722 3897 certo
748 3832 840 3895 nobis
868 3832 1021 3907 innotuit,
1048 3832 1136 3917 quod
1168 3833 1244 3896 urbs

283 3931 518 3998 beatitudinem
551 3947 689 3998 vestram
720 3933 866 3996 invidens
896 3930 1079 4018 cisalpinis,
1110 3933 1244 3997 nominis

284 4034 381 4099 vestri
404 4034 508 4120 gloria
532 4034 644 4098 maluit
667 4034 830 4099 illustrari.
883 4036 992 4107 Quum
1015 4055 1093 4115 ergo
1118 4047 1244 4118 aposto-

285 4135 366 4201 latus
383 4134 484 4199 vestri
496 4134 620 4198 culmen
636 4157 831 4222 nequeamus
843 4156 901 4219 pro
918 4146 992 4197 voto
1007 4133 1144 4209 visitare,
1155 4133 1245 4218 quod

284 4255 470 4319 possumus,
498 4234 615 4298 iterum
646 4257 703 4320 per
731 4234 871 4313 nuntios,
898 4232 1060 4296 celeritate
1089 4231 1246 4325 adhibita,

283 4348 447 4401 consuetae
460 4332 652 4398 visitationis
664 4332 884 4418 supplebimus
894 4331 1093 4415 obsequium.
1120 4334 1246 4397 Placeat
