3034 5500
277 780 359 839 1166
366 775 389 854 .]
668 794 846 839 urrs'roenr.
1169 786 1232 844 959

274 945 400 1019 dubito,
419 954 453 1007 et
469 945 630 1007 sinistrum
653 945 693 1007 ad
716 946 838 1010 caduca
861 960 892 1011 et
920 950 1116 1030 temporalia,
1132 961 1164 1011 et
1189 952 1231 1013 ad

241 1122 244 1128 Ι
275 1060 476 1109 momentum
500 1046 672 1108 defluentia
694 1047 851 1110 inclinari.
902 1051 953 1111 lili
979 1050 1150 1130 benignius
1176 1051 1230 1113 ad-

275 1148 366 1210 missi
382 1157 471 1222 sunt,
487 1159 518 1209 et
538 1148 680 1208 Domino
701 1158 842 1224 auctore,
857 1160 1009 1232 poterunt
1023 1151 1055 1211 in
1071 1151 1147 1214 fidei
1165 1174 1230 1215 suar

276 1249 463 1312 sinceritate
479 1249 604 1310 salvari.
650 1248 733 1329 Ego,
749 1261 843 1332 prout
867 1251 1067 1332 exigebatur,
1083 1253 1151 1315 sine
1167 1253 1231 1316 dis-

275 1348 396 1430 pendio
412 1350 524 1413 salutis
541 1363 573 1412 et
588 1350 689 1424 samae,
705 1352 837 1433 petitam
859 1373 923 1413 non
939 1373 1064 1434 possem
1081 1365 1230 1436 praestare

275 1451 469 1514 cautionem.
515 1451 618 1532 Spero
644 1451 752 1533 itaque
780 1475 954 1515 conversus
979 1452 1019 1515 ad
1045 1455 1231 1533 Dominum,

276 1552 430 1635 quoniam
451 1562 483 1614 ct
503 1552 582 1616 mihi
601 1550 653 1613 die
676 1554 813 1615 crastina
834 1554 893 1615 erit
915 1556 1011 1630 salus,
1026 1576 1122 1637 quum
1143 1557 1230 1619 inca·

274 1650 370 1713 luerit
398 1653 458 1729 sol,
483 1652 538 1734 qui
566 1652 718 1713 revelabit
742 1651 930 1714 abscondita
960 1654 1172 1730 tenebrarum,
1200 1667 1232 1716 et

277 1753 496 1817 manifestabit
525 1754 660 1816 consilia
689 1752 844 1829 cordium,
870 1754 987 1835 cuique
1018 1753 1229 1835 respondente

270 1847 398 1930 justitia
428 1852 475 1912 rel
505 1850 622 1934 injuria
652 1871 721 1912 sua.
775 1850 866 1911 Licet
899 1851 984 1911 enim
1014 1849 1074 1912 hac
1106 1849 1227 1911 dierum

276 1949 482 2013 hebdomada
492 1964 614 2031 premat
626 1972 713 2012 meas
729 1972 802 2012 curn
815 1951 1009 2013 Ammonitis
1024 1951 1099 2027 suis,
1109 1953 1231 2033 populo

278 2051 403 2115 scilicet
417 2052 572 2128 moeroris,
587 2065 621 2114 et
640 2052 716 2114 filiis
736 2052 904 2133 gelrcnnae‚
920 2075 1018 2135 quum
1035 2053 1181 2116 Christus
1195 2056 1230 2118 in

277 2152 368 2216 breri
383 2153 494 2230 aderit,
510 2164 543 2217 et
559 2155 776 2215 consolabitur
792 2155 824 2216 in
846 2156 957 2217 electis
973 2154 1049 2232 suis,
1065 2154 1098 2217 in
1115 2158 1231 2239 quibus

279 2275 365 2318 nunc
381 2256 500 2338 patitur
514 2255 555 2317 ad
570 2267 777 2317 momentum.
824 2256 997 2318 Consolare
1013 2242 1099 2338 ergo,¹
1114 2258 1231 2321 dilecte

278 2355 333 2433 mi,
343 2353 461 2417 dilecte
470 2355 525 2432 mi,
535 2355 711 2430 consolare,
722 2357 777 2437 qui
793 2357 820 2417 si
833 2357 992 2419 modicum
1005 2358 1230 2438 pertransieris,

278 2476 338 2517 nec
369 2456 462 2518 locus
490 2476 599 2518 eorum
629 2455 818 2532 invenietur,
844 2457 919 2539 quia
945 2456 1034 2538 impii
1061 2471 1096 2519 ut
1125 2458 1231 2520 sumus

279 2566 482 2619 evanescent.
527 2555 624 2628 Quod
640 2556 666 2618 si
684 2556 814 2618 interim
835 2557 904 2618 haec
928 2556 1016 2636 angit
1035 2559 1230 2638 expectatio,

279 2656 311 2718 in
335 2656 466 2719 arbitrio
489 2664 543 2719 tuo
566 2667 598 2718 et
619 2657 755 2719 consilio
780 2656 925 2739 episcopi
949 2656 1018 2731 erit,
1035 2666 1069 2717 ut
1088 2656 1231 2720 declines

279 2756 320 2820 ad
336 2778 422 2820 mea
439 2758 520 2820 secie
544 2758 713 2835 tribulatis,
729 2758 804 2841 quia
827 2758 853 2819 si
877 2757 920 2819 ita
943 2758 1185 2838 complacuerit,
1199 2770 1231 2821 te

279 2856 490 2920 sincerissime
513 2857 654 2920 brachiis
681 2857 823 2919 caritatis
847 2856 1028 2918 venientem
1058 2857 1230 2938 excipiam,

280 2957 445 3021 habiturus
473 2968 505 3022 te
542 2980 607 3020 non
645 2957 740 3021 modo
775 2957 1036 3039 comparticipem
1074 2959 1230 3020 bonorum

280 3060 434 3137 omnium,
460 3059 516 3123 sed
542 3061 638 3122 etiam
668 3070 826 3143 quatenus
851 3058 921 3142 ipse
948 3059 1140 3141 permiseris,
1166 3069 1230 3123 tam

280 3161 353 3238 mei,
376 3181 473 3242 quam
493 3182 638 3223 meorum
658 3160 824 3224 custodem
848 3170 880 3221 et
898 3173 1140 3242 praeceptorem,
1157 3170 1189 3222 et
1203 3161 1231 3223 si

280 3259 344 3323 dici
364 3262 512 3338 sustines,
535 3261 704 3324 affectione
724 3272 858 3344 patrem.
904 3260 1027 3323 Caetera
1051 3260 1231 3344 perpendes

280 3383 320 3425 ex
344 3362 455 3424 litteris
476 3362 558 3439 aliis,
583 3372 616 3424 et
636 3371 719 3438 tuas,
739 3362 857 3443 quibus
882 3362 965 3424 soles
986 3382 1053 3422 non
1074 3361 1232 3424 vereberis

279 3463 524 3527 communicare.
570 3464 644 3526 Rex
668 3464 823 3535 Francus,
846 3472 878 3525 et
900 3463 1071 3526 Gallicana
1093 3463 1233 3527 ecelesia

281 3564 472 3628 coexulibus
498 3565 613 3628 nostris
642 3564 774 3627 multam
805 3563 961 3626 exhibent
991 3564 1231 3628 humanitatem.

282 3664 414 3730 Utinam
430 3676 465 3727 tu
485 3686 548 3726 non
571 3663 814 3726 inhumaniores
833 3664 976 3725 invenias
996 3666 1145 3727 concives
1160 3676 1232 3726 tuos

282 3777 312 3829 et
327 3765 523 3830 domesticos
534 3765 609 3828 fidei
623 3763 881 3847 compromissae!
906 3764 1002 3835 Quod
1018 3767 1045 3827 si
1059 3766 1233 3828 necessitas

283 3879 404 3949 urgeat,
426 3868 503 3930 licet
529 3876 702 3950 praesentes
732 3866 852 3929 habeas
882 3865 1004 3938 fratres,
1031 3866 1154 3927 nullum
1180 3888 1231 3928 me

282 3965 500 4030 humaniorem
522 3966 676 4043 invenies,
698 3966 775 4048 quia
799 3965 906 4027 nullus
930 3966 1084 4045 sanguine
1109 3966 1233 4044 gravior

282 4081 338 4143 est,
353 4067 413 4131 sed
429 4089 489 4131 nec
511 4068 652 4141 caritate,
673 4080 708 4129 ut
729 4065 871 4130 arbitror.
919 4066 1080 4129 Salutabis
1102 4068 1231 4144 amicos,

283 4174 315 4225 et
329 4179 460 4229 sanetos
482 4165 679 4241 sollicitabis,
696 4173 731 4227 ut
752 4165 995 4229 necessitatibus
1012 4166 1122 4228 vestris
1145 4187 1230 4229 com·

284 4265 458 4342 municent,
473 4262 671 4327 sublevando
692 4284 746 4326 eas
766 4263 1047 4327 intercessionibus
1062 4265 1137 4326 suis.
1172 4266 1231 4326 Fe·

283 4362 360 4426 lices
370 4364 428 4427 tibi
438 4385 565 4447 semper
573 4363 614 4426 ad
624 4372 697 4426 vota
706 4363 1064 4427 successusAltissimus
1074 4363 1231 4443 largiatur.

730 4482 745 4524 s
761 4469 781 4523 2
