3034 5500
285 753 349 810 280
543 760 679 804 ioannis
696 758 981 802 sauusnnutussrs
1153 741 1195 820 [t.
1210 762 1237 805 n.

286 916 472 998 profitentur
498 913 639 975 moribus
668 909 798 974 obedire
826 912 1000 974 servilibus
1027 934 1235 996 perversarum

285 1015 560 1089 consuetudinem,
592 1035 686 1096 quarn
722 1014 754 1075 iu
783 1014 969 1076 libertatem
1007 1016 1141 1098 spiritus
1168 1018 1237 1078 rellc

286 1117 428 1182 evadere.
474 1119 522 1177 An
539 1135 603 1177 non
626 1115 768 1177 recolitis
790 1116 867 1197 quia
890 1115 965 1179 duae
988 1117 1094 1179 tribus
1110 1131 1143 1180 et
1157 1118 1239 1180 dimi·

288 1219 351 1296 dia,
377 1239 449 1302 quae
480 1238 598 1300 pecora
627 1218 728 1278 multa
757 1217 934 1293 habebant,
965 1231 999 1279 et
1029 1221 1241 1301 possessiones

288 1320 452 1402 plurimas,
481 1339 545 1380 non
576 1317 695 1379 sortitae
726 1331 801 1379 sunt
829 1317 1053 1382 hareditatem
1085 1320 1119 1381 in
1146 1318 1241 1382 medio

288 1423 429 1498 fratrum,
456 1420 490 1483 id
516 1434 565 1482 est
594 1418 755 1482 communi
782 1433 873 1495 terra,
905 1420 1040 1482 scilicet
1071 1421 1241 1503 promissio

289 1523 352 1597 uis,
374 1521 430 1584 sed
451 1520 591 1584 Jordane
614 1519 758 1582 uondnur
783 1520 918 1582 transito
942 1520 976 1581 in
1001 1523 1240 1585 Amorrheorum

291 1624 412 1686 finibus
427 1620 658 1685 substiterunt?
698 1621 815 1683 Nonne
838 1621 902 1683 hoc
919 1622 952 1683 in
970 1624 1139 1704 evangelio
1153 1625 1241 1685 inter·

290 1735 431 1807 pretatur
445 1726 517 1807 pius
538 1724 645 1798 Jesus,
661 1744 717 1805 per
738 1722 872 1803 figuram
896 1721 1055 1786 dictionis
1079 1726 1241 1800 affirmans,

292 1826 369 1908 quia
382 1825 508 1887 facilius
529 1834 578 1885 cst
594 1824 751 1886 camelum
771 1844 829 1904 per
844 1824 990 1885 foramen
1013 1845 1093 1887 acus
1108 1825 1241 1899 transire,

292 1946 386 2009 quarn
403 1923 535 1985 divitem
552 1920 665 1984 intrare
688 1922 721 1984 iu
745 1943 879 2003 regnum
894 1925 1054 1986 coelorum
1068 1923 1080 1987 l
1120 1923 1165 1988 Et
1179 1925 1241 2008 qui·

291 2026 365 2088 dem
394 2024 449 2106 qui
479 2024 519 2086 ad
545 2023 771 2085 transeundum
797 2023 976 2086 Jordanem
1001 2026 1088 2108 pigri
1115 2027 1242 2100 fuerant,

291 2126 386 2186 altare
410 2124 671 2186 contradictionis
693 2135 725 2185 ct
748 2123 892 2186 scandali
922 2124 1036 2207 postca
1059 2139 1242 2201 erexerunt3

291 2227 374 2288 sicut
389 2225 533 2305 episcopi
550 2224 661 2299 nostri,
676 2225 732 2305 qui
749 2227 810 2287 sub
826 2236 989 2307 praetextu
1004 2227 1102 2311 juris,
1117 2229 1240 2291 sormam

288 2327 477 2406 strigorem
495 2324 627 2407 justitiae
651 2338 808 2389 conantur
829 2327 968 2405 eludere,
990 2329 1047 2391 sed
1072 2330 1184 2392 ethos
1205 2329 1242 2391 ad

288 2428 442 2489 unitatem
473 2435 506 2487 et
535 2425 665 2507 pietatis
702 2428 823 2489 cultum
861 2429 1077 2511 triumphator
1106 2432 1241 2513 gentium

289 2528 447 2609 legatione
471 2527 567 2589 missa
589 2529 752 2590 revocabit
773 2529 878 2605 Jesus,
900 2529 962 2591 hoc
985 2542 1036 2593 est
1059 2530 1103 2595 ad
1127 2532 1242 2614 proies·

291 2631 411 2692 sionem
427 2629 508 2710 legis
531 2642 564 2692 et
580 2627 712 2710 justitiae
736 2632 869 2707 cultutn,
886 2642 921 2692 ut
943 2631 1033 2713 quod
1055 2645 1178 2695 rectum
1199 2645 1243 2694 est

292 2755 399 2798 coram
425 2732 497 2795 Deo
521 2733 657 2815 sapiant,
675 2733 854 2816 loquantur,
875 2745 907 2796 ct
929 2733 1060 2808 saciant,
1084 2748 1117 2798 et
1140 2735 1244 2799 minati

292 2837 513 2899 exhortatione
538 2836 673 2916 Moysis,
688 2834 721 2895 id
744 2846 793 2896 est
812 2835 931 2897 divinae
953 2837 1047 2917 legis,
1064 2837 1244 2921 praecedant

291 2940 403 3001 fratres
429 2959 514 3014 suos,
537 2936 640 2999 donec
665 2935 794 2999 Christo
821 2936 989 2999 haereditas
1017 2959 1086 3016 sua,
1113 2940 1244 3002 ecclesia

282 3041 424 3116 scilicet,
447 3040 598 3101 liberetur
623 3036 664 3099 de
690 3038 839 3099 manibus
862 3039 1016 3115 hostium,
1042 3053 1076 3102 et
1101 3052 1177 3125 post
1197 3040 1242 3101 in·

292 3143 396 3221 clytos
412 3140 452 3202 de
467 3139 560 3201 viciis
575 3139 751 3220 triumphos
766 3138 944 3201 stabiliatur
957 3141 992 3202 in
1008 3151 1102 3204 terra.

334 3243 369 3305 Si
383 3242 508 3305 interim
524 3239 766 3302 Heresordensis
781 3240 965 3324 episcopus,
977 3242 1035 3323 qui
1051 3264 1071 3305 a
1086 3245 1243 3329 plerisque

290 3342 456 3405 videbatur
473 3340 665 3404 liberaturus
686 3341 796 3416 Israel,
815 3340 849 3402 in
867 3352 1057 3425 contemptu
1077 3345 1201 3422 mundi,
1214 3359 1244 3408 et

290 3444 404 3526 peritia
417 3442 603 3520 litterarum,
624 3463 758 3525 quarum
780 3442 822 3504 ab
843 3442 974 3524 ignaris,
989 3447 1040 3508 rel
1058 3467 1133 3510 eum
1154 3449 1242 3529 igno

290 3544 434 3608 rantibus
457 3543 598 3606 creditur
621 3545 737 3607 habere
764 3544 903 3628 copiam,
925 3566 983 3609 vos
1005 3551 1244 3612 conturbatores

291 3646 437 3710 ecclesie
452 3658 627 3728 nuncupat,
642 3646 671 3708 ei
690 3656 722 3707 et
744 3646 957 3728 complicibus
973 3647 1041 3711 suis
1063 3651 1244 3734 responderi

292 3748 407 3833 poterit
424 3744 529 3810 verbis
553 3748 660 3810 Heliae
682 3747 831 3810 similiter
850 3748 1023 3832 objurgati,
1047 3750 1186 3815 dicentis
1205 3752 1244 3814 ad

292 3851 416 3926 Achab,
440 3852 515 3913 Non
540 3870 595 3931 eqo
621 3848 751 3911 turbavi
781 3850 898 3926 Israel,
921 3852 980 3913 sed
1003 3860 1053 3930 tu,
1078 3863 1111 3915 et
1139 3856 1245 3917 ἀοηιιιε

287 3954 398 4031 patris
424 3954 486 4027 tui,
511 3954 570 4033 qui
599 3951 820 4033 dereliquistis
848 3952 1010 4015 mundata
1040 3957 1189 4032 Domini,
1216 3965 1246 4018 et

290 4055 420 4135 sequuti
444 4056 521 4113 estis
551 4054 702 4114 Bottlim:
736 4074 802 4115 non
824 4052 912 4135 quod
931 4074 987 4117 ore
1012 4069 1119 4120 vestro
1144 4059 1244 4132 velint,

289 4154 344 4237 qui
370 4151 556 4215 modestiam
586 4152 718 4229 suadeo,
744 4154 816 4216 hoec
847 4154 1007 4238 episcopis
1035 4160 1240 4243 responderi,

290 4255 346 4319 sod
367 4254 426 4318 sibi
449 4276 468 4316 a
490 4254 697 4317 conscientiis
719 4255 797 4331 suis,
818 4256 868 4319 vel
888 4258 928 4319 ab
951 4258 1064 4341 aliquo
1087 4261 1242 4342 religioso,

289 4359 344 4442 qui
361 4356 510 4437 corripiat
524 4376 591 4431 eos,
606 4376 643 4416 eo
666 4354 753 4437 quod
769 4356 834 4420 sint
848 4359 986 4420 cultores
1008 4361 1157 4438 Jeznbcl,
1174 4383 1240 4445 quae
