3034 5500
186 1212 466 1299 JOANNIS
505 1213 1045 1298 SARESBERIENSIS

342 1437 557 1503 EPlSCOPI
581 1437 903 1501 CARNOTENSIS

488 1646 766 1719 EPISTOLAE.

563 1876 689 1887 2-

263 2081 487 2143 EPISTOLA
537 2080 775 2140 l.-snes1>su
793 2094 979 2138 snamsnas.

416 2231 553 2290 Domino
566 2250 661 2310 papea
678 2229 833 2290 Adriano,

183 2365 296 2427 lnran
320 2361 491 2424 monachos
512 2359 649 2424 abbatiae
676 2361 835 2445 lingonis,
857 2376 888 2425 et
913 2363 1031 2427 clerum
1058 2364 1098 2427 de

142 2465 293 2529 Henham
313 2462 531 2526 controversia
551 2460 674 2524 diutius
696 2463 818 2546 agitata
840 2478 899 2528 est.
947 2467 1097 2530 Monachi

141 2565 300 2651 siquidem
325 2588 343 2627 a
368 2564 531 2627 nominato
556 2565 696 2645 Hugone
723 2571 765 2628 ³3
794 2564 911 2629 solidos
934 2569 1095 2651 petebant,

140 2664 283 2728 dicentes
298 2688 352 2727 eos
368 2663 427 2726 sibi
444 2662 553 2727 deberi
566 2664 691 2726 nomine
707 2666 877 2750 pensionis,
890 2671 922 2730 in
939 2689 1035 2754 quam
1052 2669 1096 2731 eis

132 2781 271 2832 ‘tenetur
295 2766 337 2829 ab
360 2765 493 2849 antiquo
513 2763 643 2829 ecclesia
662 2766 702 2830 de
722 2768 889 2831 Henbam:
914 2769 1098 2854 adjicientes

141 2880 355 2933 memoratum
383 2869 426 2931 H.
452 2867 493 2930 ad
524 2866 711 2930 solutionem
742 2870 927 2930 eorumdem
958 2893 1025 2934 esse
1055 2894 1096 2934 ex

140 2967 273 3057 speciali
294 2980 400 3053 pacto,
418 2967 647 3031 interveniente
670 2966 744 3031 fidei
770 2968 909 3048 vinculo,
931 2968 1094 3034 literarum

142 3070 326 3136 testimonio
346 3067 535 3153 obligatum.
582 3072 627 3135 Et
651 3085 687 3133 ut
710 3069 874 3156 petitionis
901 3094 967 3135 suae
993 3072 1095 3137 inten-

142 3174 259 3239 tionem
284 3170 430 3239 stabilius
450 3173 637 3249 fundarent,
653 3195 686 3237 se
702 3196 721 3236 a
735 3173 864 3238 duobus
879 3174 1096 3240 decessoribus

144 3274 290 3363 praedicti
313 3278 357 3340 H.
382 3274 545 3339 Willelmo
566 3289 598 3340 et
621 3277 654 3339 S.
670 3276 725 3339 sed
745 3289 779 3340 et
800 3277 841 3342 ab
863 3277 933 3362 ipso
957 3281 1097 3363 Hugone

142 3378 291 3442 dicebant
316 3377 470 3463 recepisse
497 3377 664 3463 praefatam
689 3378 882 3464 pensionem,
908 3381 1011 3465 parati
1035 3381 1095 3445 boc

141 3481 276 3565 probare
292 3479 509 3543 incontinenti.
557 3478 610 3541 Ad
627 3478 696 3543 haec
721 3478 920 3543 Humfredus
934 3481 1095 3547 ecclesiam

141 3604 231 3647 suam
248 3584 289 3647 ab
304 3581 439 3667 antiquo
455 3580 586 3645 liberam
602 3604 667 3644 esse
687 3580 828 3647 dicebat:
854 3582 926 3647 licet
950 3586 1093 3648 monachi

140 3685 181 3749 ab
223 3688 366 3767 Hugone
406 3697 602 3748 antecessore
638 3685 708 3769 ejus
745 3708 882 3749 marcam
920 3686 1093 3751 indebitam

138 3785 292 3849 violenter
307 3797 521 3848 extorserunt.
569 3784 716 3869 Negabat
737 3785 820 3848 enim
841 3784 1091 3851 constantissime

140 3910 258 3951 secum
275 3886 353 3971 ipsis
369 3885 410 3949 de
425 3882 535 3970 aliqua
556 3884 704 3969 pensione
727 3884 891 3949 reddenda
906 3909 1092 3971 quamcum-

140 4013 202 4075 que
218 3988 347 4052 inivisse
363 3986 558 4074 pactionem:
584 4006 728 4049 asserens
743 4009 776 4049 se
791 3986 832 4049 ab
850 3987 966 4051 abbate
987 3989 1091 4052 Aben-

140 4092 242 4157 doniae
258 4090 420 4156 ecclesiam
438 4087 579 4166 liberam,
591 4103 622 4151 et
636 4091 702 4150 sine
718 4089 918 4173 expressione
933 4091 1090 4176 cujusque

140 4195 241 4259 oneris
264 4192 435 4276 accepisse,
459 4202 491 4254 et
515 4213 572 4276 per
598 4190 854 4255 archidiaconum
881 4191 1031 4277 episcopi,
1055 4210 1090 4257 ut

140 4320 206 4361 mos
225 4311 287 4372 est,
304 4296 335 4357 in
359 4295 585 4379 possessionem
608 4293 739 4356 liberam
761 4293 908 4357 canonice
928 4293 1090 4357 introduc-

142 4412 221 4478 tum,
233 4420 290 4461 nec
306 4396 394 4473 fidei,
406 4407 464 4460 aut
480 4396 656 4481 scripturae,
669 4409 725 4458 aut
741 4393 877 4476 alicujus
887 4393 1091 4476 obligationis

182 4521 255 4566 vot..
273 4520 297 4563 1.
605 4518 624 4559 Β
