3034 5500
280 767 451 849 llos-8]
663 777 839 832 tristatas.
1188 776 1233 834 2³

276 937 455 1024 postposito
483 937 535 1000 vel
566 951 758 1024 contempto,
785 939 817 1002 in
848 961 880 1002 se
905 937 1033 1002 videtur
1062 962 1238 1025 provocare

275 1036 530 1121 indignationem
550 1039 749 1123 superiorum
773 1039 839 1102 fere
860 1039 1002 1103 omnium
1026 1054 1234 1126 potestatum.

277 1140 430 1202 Summus
467 1138 628 1225 pontifex,
665 1140 879 1203 serenissimus
914 1140 1073 1228 princeps,
1102 1141 1235 1207 illustris

276 1239 397 1325 regina,
412 1262 433 1303 a
447 1240 651 1304 fraternitate
661 1254 764 1304 vestra
779 1242 940 1305 modicum
956 1242 1036 1328 quid
1052 1257 1234 1328 expectant,

275 1342 390 1428 inquo
407 1343 567 1406 honestati
583 1355 615 1405 et
630 1342 830 1407 indemnitati
847 1356 974 1422 vestrae,
986 1367 1084 1430 quarn
1100 1343 1234 1410 utilitati

276 1466 398 1523 eorum,
411 1445 514 1527 magis
528 1458 729 1531 prospectum
746 1445 817 1510 erit.
848 1447 944 1509 Certe
958 1446 983 1508 si
1000 1468 1065 1509 reru
1080 1448 1234 1530 grandem

277 1568 388 1609 eorum
421 1545 558 1632 quilibet
589 1559 710 1631 peteret
737 1546 911 1629 sigillatim,
930 1548 1004 1632 jure
1030 1549 1152 1634 optimo
1181 1547 1236 1611 de-

275 1648 391 1712 buerat
402 1647 561 1712 exaudiri.
586 1651 636 1712 De
647 1647 738 1712 nobis
753 1661 786 1712 et
800 1648 953 1712 fratribus
966 1652 1082 1713 nostris
1093 1664 1234 1714 taceatur

278 1744 320 1808 ad
341 1767 493 1830 praesens,
509 1766 600 1831 quos,
616 1746 642 1809 si
658 1745 838 1829 placuisset,
852 1767 914 1809 non
932 1746 1100 1832 oportebat
1115 1745 1147 1810 in
1162 1771 1236 1811 con·

278 1845 350 1909 silio
365 1858 470 1910 vestro
483 1845 587 1910 locum
604 1858 711 1910 tencre
725 1846 944 1912 novissimum.
996 1847 1124 1924 Vereor,
1140 1847 1235 1913 dilec-

282 1947 404 2010 tissime
430 1947 536 2027 frater,
560 1970 671 2011 vereor
693 1969 732 2010 ne
756 1946 925 2011 consiliarii
947 1948 1043 2013 vestri
1069 1948 1236 2013 consilium

279 2049 433 2136 insipiens
448 2063 479 2114 et
493 2049 606 2113 inutile
618 2048 777 2125 dederint,
790 2050 868 2113 dum
885 2050 976 2115 nobis
987 2052 1133 2116 omnibus
1145 2050 1233 2137 apud

280 2173 339 2214 vos
359 2150 504 2236 praeferri
527 2149 720 2215 studuerint.
764 2151 884 2214 Omnes
903 2152 1072 2217 consulunt
1094 2154 1126 2216 in
1150 2176 1235 2217 com·

280 2275 390 2330 mune,
406 2266 442 2316 ut
452 2254 552 2339 juxta
566 2252 746 2339 principum
763 2253 959 2318 voluntatem
979 2255 1130 2340 magistro
1147 2254 1235 2319 Salo-

279 2354 366 2419 rnoni
382 2355 497 2419 cedant
512 2353 663 2432 ecclesioe,
673 2375 749 2441 quoe
762 2358 794 2419 in
811 2357 1052 2421 transactionem
1065 2357 1235 2422 Godefridi

279 2471 312 2523 et
328 2455 488 2520 Willelmi
511 2456 633 2522 venisse
654 2456 818 2523 dicuntur.
862 2461 978 2522 Nonne
998 2459 1102 2524 fuerat
1124 2481 1233 2523 eorum

280 2573 346 2624 tam
363 2556 535 2622 laudabilis
546 2580 609 2623 non
622 2558 718 2622 modo
733 2558 937 2645 acceptanda,
948 2560 1002 2623 sed
1013 2560 1234 2646 praevenienda

279 2659 453 2725 voluntas?
504 2660 686 2724 Honestum
716 2674 747 2724 et
778 2660 955 2727 litteratum
987 2662 1090 2726 virum
1122 2663 1236 2727 vestris

280 2761 397 2826 volunt
431 2762 595 2848 obsequiis
631 2762 820 2849 mancipare,
851 2777 884 2828 et
920 2765 999 2828 dum
1036 2763 1235 2830 liberalitatis

278 2878 395 2929 vestroe
410 2886 529 2929 munus
548 2865 734 2951 implebitis,
748 2865 783 2929 id
798 2888 893 2950 agere
907 2888 947 2929 ne
963 2866 1041 2929 fiant
1056 2864 1147 2928 irrita
1161 2889 1239 2951 qum¹

280 2967 321 3031 de
346 2966 441 3031 labiis
461 2967 601 3053 episcopi
626 2981 857 3055 processerunt.
915 2968 1038 3030 Fuerat
1060 2989 1134 3031 sane
1163 2989 1237 3031 cou-

281 3068 487 3155 templatione
510 3069 688 3135 litterarum
711 3082 743 3135 et
769 3091 906 3145 morum,
932 3083 965 3134 et
982 3071 1055 3157 jure
1077 3068 1238 3136 societatis

282 3170 425 3258 antiquae
449 3171 684 3253 adsciscendus,
712 3172 744 3236 id
771 3172 866 3238 etiam
893 3175 1018 3238 nemine
1042 3172 1234 3259 postulante.

284 3277 400 3339 Nonne
446 3273 598 3358 indignus
642 3287 701 3351 est,
744 3274 777 3337 in
820 3273 1116 3360 opportunitatibus
1158 3276 1236 3355 suis,

282 3374 419 3439 fratrum
445 3374 586 3452 consilio,
611 3376 667 3463 qui
692 3373 774 3439 illud
798 3387 864 3439 tam
886 3374 999 3439 leviter
1022 3381 1237 3461 aspernatur?

284 3480 399 3541 Nonne
415 3499 524 3562 preces
543 3477 629 3542 illius
650 3489 812 3541 merentur
826 3475 966 3552 excludi,
987 3477 1043 3561 qui
1065 3491 1128 3542 tam
1149 3480 1236 3564 piam

282 3579 480 3644 voluntatem
512 3578 692 3665 principum
723 3600 785 3640 non
814 3577 981 3642 admittit?
1014 3592 1052 3641 ut
1088 3577 1129 3642 de
1165 3579 1236 3643 aliis

282 3694 429 3744 taceatur
443 3680 500 3765 qui
518 3692 622 3745 tamen
638 3680 726 3766 apud
744 3701 800 3742 vos
815 3679 988 3766 plurimum
1011 3702 1102 3765 posse
1117 3680 1235 3746 debent

281 3802 320 3843 ex
337 3782 464 3855 merito,
481 3778 628 3845 voluntas
642 3778 763 3844 domini
778 3802 873 3865 papoe
888 3778 1023 3865 pleniori
1039 3779 1235 3865 benignitate

283 3882 523 3969 interpretanda
535 3895 613 3948 erat.
642 3880 750 3967 Vulgo
762 3882 825 3946 dici
841 3882 921 3945 solet
936 3894 968 3946 et
983 3896 1146 3968 acceptum
1162 3882 1238 3946 fide-

285 3982 368 4061 liter,
392 4005 502 4048 verum
524 3996 581 4061 est,
602 3984 679 4071 quia
701 3983 815 4048 summi
838 3983 998 4070 pontilicis
1015 3983 1160 4049 voluntas
1182 3985 1236 4050 de·

283 4099 406 4149 cretum
423 4098 491 4151 est:
517 4099 548 4151 et
565 4108 603 4149 ne
618 4087 650 4150 in
668 4088 742 4174 jure
763 4086 986 4151 constituendo
1005 4109 1237 4174 causarumque

285 4187 528 4252 discissionibus
556 4187 715 4252 duntaxat
743 4189 886 4253 obtinere
914 4188 1074 4267 credatur,
1101 4190 1237 4253 faciendi

285 4286 516 4363 necessitatem,
539 4310 640 4373 quum
659 4289 845 4366 innotuerit,
871 4291 1048 4354 amantium
1074 4289 1235 4353 devotioni

286 4388 364 4454 solet
394 4390 545 4455 indicere.
603 4390 665 4455 Sed
695 4393 776 4457 forte
805 4391 918 4455 dicetis
955 4392 1015 4455 hoc
1045 4389 1238 4455 demeruisse
