3034 5500
437 775 455 829 4
692 783 827 828 soranis
842 782 1118 827 sanassarusnsrs
1296 765 1341 842 [a.
1359 785 1384 827 o.

438 957 510 998 eum
541 935 573 998 in
604 934 757 998 comitatu
789 932 927 1019 quodam
965 935 1108 999 extitisse
1138 934 1303 1007 laicorum,
1333 935 1386 1018 qui

437 1036 632 1121 praecipitem
648 1048 818 1120 sequentes
830 1036 1053 1112 temeritatem,
1066 1037 1273 1101 homicidium
1288 1036 1387 1120 quod·

438 1138 513 1201 dam
544 1137 752 1202 inconsultius
789 1148 1058 1224 perpetraverunt.
1107 1139 1179 1224 lpse
1215 1152 1322 1202 autem
1357 1139 1385 1199 in

437 1241 589 1304 comitatu
611 1241 761 1315 existens,
781 1262 854 1303 eum
875 1241 933 1326 qui
954 1255 1063 1326 postea
1088 1240 1211 1304 occisus
1229 1240 1305 1315 suit,
1327 1263 1386 1303 non

437 1342 542 1405 animo
567 1341 741 1420 occidendi,
771 1342 824 1404 sed
852 1356 887 1406 ut
920 1343 1024 1406 furem
1058 1342 1114 1428 qui
1138 1344 1166 1406 ei
1200 1344 1387 1406 vestimenta

437 1444 644 1508 sacerdotalia
663 1445 751 1509 furto
771 1445 987 1522 subtraxerat,
1002 1445 1265 1530 persequebatur.
1311 1446 1387 1508 Fra·

438 1562 501 1611 tres
520 1561 626 1611 autem
646 1548 717 1631 ejus
738 1547 771 1608 in
792 1546 1012 1632 persequendo
1031 1570 1069 1611 eo
1091 1547 1186 1611 citius
1200 1547 1389 1625 incedentes,

437 1650 540 1713 furem
556 1672 629 1713 curn
651 1649 839 1714 vestimento
861 1651 1023 1714 consecuti
1047 1664 1132 1725 sunt,
1149 1663 1181 1714 et
1196 1673 1235 1713 eo
1251 1648 1389 1727 vidente,

438 1765 474 1815 ut
497 1752 765 1837 subsequebatur,
788 1765 1007 1829 veruntamen,
1035 1766 1070 1815 ut
1092 1751 1225 1827 fatetur,
1249 1752 1387 1827 nolente,

437 1854 541 1916 furem
566 1854 797 1937 deprehensum
824 1853 1085 1918 trucidaverunt:
1109 1854 1225 1918 exinde
1252 1853 1388 1918 evolutis

436 1954 545 2039 paucis
567 1953 681 2017 diebus
703 1955 744 2017 ab
766 1954 987 2018 archidiacono
1009 1957 1051 2019 ab
1072 1956 1193 2020 ordinis
1216 1955 1265 2019 sui
1288 1955 1388 2020 officio

435 2074 607 2137 suspensus
629 2067 688 2128 est,
703 2075 743 2116 eo
765 2055 852 2138 quod
877 2055 966 2119 sedes
991 2056 1202 2121 Eboracensis
1222 2068 1293 2120 tum
1309 2072 1386 2122 tem·

436 2155 521 2240 poris
559 2156 709 2220 vacabat:
749 2157 954 2222 nibilominus
991 2161 1023 2222 in
1061 2160 1249 2226 diaconatus
1286 2159 1387 2223 officio

436 2257 612 2322 ministrare
643 2261 855 2342 praesumpsit.
901 2260 987 2337 Quid
1018 2277 1125 2325 autem
1156 2285 1260 2348 poenae
1290 2262 1318 2324 ei
1347 2261 1385 2324 od

434 2358 696 2442 peregrinationis
719 2359 869 2422 indicium
894 2383 1018 2424 crucem
1038 2365 1161 2447 gerenti
1177 2362 1384 2448 infligendum

436 2461 487 2538 sit,
502 2474 607 2525 vestra
623 2461 801 2526 sublimitas
816 2463 1006 2547 providebit.

619 2800 839 2865 EpisTOLa
886 2802 1201 2865 lV.—sosrsnn.u.

696 2938 836 2999 Domino
850 2959 947 3018 papae
965 2939 1120 2999 Adriano.

476 3073 579 3148 Quum
596 3070 679 3131 inter
696 3067 884 3149 magistrum
904 3065 1079 3128 Ricardum
1103 3065 1382 3133 Licbeffeidensem
1426 3076 1433 3089 ‘

433 3185 465 3235 et
493 3170 664 3233 Osbertum
691 3165 732 3227 de
761 3169 832 3227 lcco
855 3186 950 3248 super
973 3164 1103 3227 ecclesia
1125 3165 1293 3230 Bradeleia
1315 3194 1383 3234 cou-

431 3270 585 3335 troversia
599 3280 680 3331 esset
695 3267 727 3327 in
740 3264 901 3328 auditorio
914 3266 1089 3329 Cestrensis
1104 3267 1243 3353 episcopi
1261 3270 1381 3337 diutius

430 3384 602 3457 protracta,
629 3366 755 3431 tandem
776 3366 816 3431 ad
842 3367 1035 3432 audientiam
1063 3383 1201 3432 nostram
1230 3374 1382 3438 translata

431 3487 479 3538 est
505 3497 561 3560 per
587 3470 844 3558 appellationem.
890 3470 1041 3534 Partibus
1072 3472 1180 3556 itaque
1211 3497 1228 3535 e
1256 3479 1382 3560 regione

431 3576 624 3653 constitutis,
642 3577 710 3659 jam
734 3573 839 3636 dictus
868 3572 1026 3637 Ricardus
1056 3589 1261 3640 memoratam
1288 3578 1382 3641 eccie-

431 3682 510 3743 siam
534 3678 594 3743 sibi
620 3677 745 3742 restitui
777 3676 962 3763 postularit,
987 3676 1096 3743 dicens
1126 3701 1194 3743 eam
1225 3682 1381 3765 pertinere

429 3783 519 3868 quasi
543 3781 695 3868 capellam
720 3779 759 3842 ed
784 3779 946 3844 ecclesiam
972 3802 1059 3843 suam
1088 3794 1119 3843 et
1145 3795 1379 3846 antecessorum

430 3907 573 3959 suorum,
591 3880 739 3945 Willeimi
757 3877 875 3944 scilicet
890 3894 921 3945 et
940 3881 1089 3955 Walteri,
1108 3894 1260 3966 tempore,
1275 3884 1381 3969 quiete

429 4000 461 4048 et
491 3985 585 4071 pieno
610 3986 694 4067 jure.
715 3982 813 4044 fuisse
843 4004 1028 4064 possessam.
1081 3981 1130 4046 Ad
1163 3983 1231 4047 baec
1270 3985 1381 4050 Helias

431 4084 580 4148 Staiibrd.
605 4081 723 4146 archid.
748 4082 899 4166 processit
922 4082 953 4144 in
978 4082 1129 4161 medium,
1145 4106 1285 4148 asserens
1301 4086 1380 4172 peti-

429 4189 547 4251 tionem
579 4186 658 4248 banc
689 4182 817 4245 minime
843 4181 982 4245 Ricardo
1015 4197 1204 4268 competere,
1230 4210 1268 4248 eo
1293 4188 1379 4271 quod

429 4287 632 4374 praebendam
656 4283 818 4371 quandam
844 4283 1001 4348 Ricardus
1027 4286 1058 4348 in
1087 4287 1223 4372 praefata
1252 4290 1380 4353 ecclesia

427 4389 621 4479 possidebat,
636 4401 667 4451 et
689 4388 717 4450 ei
740 4396 823 4448 esset
842 4387 882 4449 ab
903 4386 1049 4473 episcopo
1073 4389 1231 4453 Cestreosi
1252 4390 1379 4469 donata,
