3034 5500
280 748 476 827 tras-su]
671 763 850 807 celsiora.

357 1002 600 1066 EPISTOLA
625 1001 822 1067 XLV.—so
841 1021 988 1067 assuras
1004 1021 1155 1066 waurin.

277 1137 412 1201 Dilectis
427 1140 464 1200 in
480 1136 716 1219 Doma’aofila‘is
729 1136 900 1200 abhatibus
917 1138 1088 1211 univoca,
1104 1139 1144 1200 da
1156 1141 1236 1200 anu

405 1239 596 1301 monosterii
616 1239 756 1300 Wauliae
767 1240 948 1319 procreatis
960 1237 1111 1301 salutem.

322 1369 585 1434 Conuosuruus
597 1369 716 1454 scripto
731 1381 840 1433 nostro
856 1369 970 1434 fratres
986 1369 1068 1448 illos,
1080 1371 1137 1454 qui
1153 1393 1172 1433 a
1187 1371 1237 1435 sui

275 1470 400 1535 abbatis
411 1469 593 1535 obedientia
603 1470 795 1550 recedentes,
808 1493 914 1535 vocem
931 1471 1072 1547 alterius,
1084 1473 1134 1537 cui
1150 1471 1237 1538 nullo

276 1572 484 1658 professionis
506 1572 635 1637 vinculo
659 1573 848 1639 tenebantur
875 1572 1030 1648 adstricti,
1053 1573 1236 1650 audierunt,

276 1686 403 1736 etcum
424 1694 463 1734 co
483 1694 502 1735 a
523 1677 768 1759 congregatione
787 1686 818 1737 et
840 1674 963 1738 unitate
983 1676 1164 1738 monasterii
1188 1673 1238 1739 sui

278 1773 528 1838 declinaverunt.
575 1773 626 1837 Illi
651 1797 727 1839 vero
749 1774 967 1852 nihilominus,
992 1785 1029 1837 ut
1050 1774 1180 1849 dicitur,
1203 1775 1234 1840 in

281 1875 449 1940 schismate
468 1877 680 1962 persistentes,
701 1877 733 1940 in
754 1876 978 1941 contumeliam
1001 1876 1121 1940 ordinis
1140 1876 1236 1942 vestri

282 1993 314 2044 et
326 1979 472 2064 injuriam
482 1976 612 2062 capituli
621 1978 838 2045 cisterciensis
848 2001 914 2065 quo
923 1979 964 2043 ab
973 1979 1237 2046 abbateWaulioe

281 2080 477 2168 appellatum
500 2094 558 2161 est,
580 2079 674 2146 officii
697 2081 797 2145 nostri
820 2081 1034 2148 admonitione
1056 2097 1237 2168 contempta

278 2180 415 2248 eundem
430 2183 577 2247 abbatem
591 2182 680 2268 sequi
691 2205 753 2246 non
767 2181 934 2248 desistunt.
965 2182 1063 2247 Unde
1073 2187 1235 2249 caritatem

281 2297 414 2350 vestram
437 2285 641 2371 praesentium
665 2286 856 2350 auctoritate
879 2284 1047 2351 sollicitare
1073 2286 1236 2372 compelli·

278 2406 360 2459 mur,
393 2397 430 2449 nt
460 2384 671 2450 venerabilem
702 2385 839 2450 amicum
873 2398 1016 2451 nostrum
1048 2384 1234 2472 Philippum

280 2487 438 2564 abbatem,
448 2486 679 2574 Eleemosynae,
689 2488 792 2573 cujus,
802 2501 838 2553 ut
849 2487 979 2564 dicitur,
989 2501 1153 2551 armantur
1162 2510 1236 2551 con-

281 2588 360 2667 silio,
385 2588 571 2674 diligentius
593 2589 798 2666 conveniatis,
821 2602 855 2656 ut
880 2590 1016 2654 fratrum
1039 2588 1166 2653 illorum
1190 2589 1236 2653 in-

281 2691 493 2757 obedientiam
510 2714 711 2780 nequaquam
728 2693 847 2771 foveat,
863 2691 919 2756 sad
935 2691 975 2756 ad
991 2704 1112 2776 patrem
1129 2714 1236 2767 suum,

281 2794 333 2879 qui
356 2815 412 2857 eos
434 2794 466 2858 in
491 2794 622 2860 Christo
643 2796 843 2882 dignoscitur
865 2795 1024 2878 genuisse,
1039 2792 1145 2855 redire
1165 2816 1236 2878 per-

284 2895 400 2961 mittat.
445 2898 577 2961 Eisdem
593 2918 723 2983 quoque
741 2895 895 2960 fratribus
917 2893 1106 2957 auctoritate
1129 2907 1237 2957 nostra

282 2997 486 3084 praecipiatis,
505 3011 540 3062 ut
556 2999 698 3076 redeant,
714 3012 746 3065 et
763 2996 874 3062 matris
888 3018 955 3060 suae
976 2994 1144 3058 scissuram
1159 2994 1237 3057 cari-

284 3099 359 3163 tatis
381 3098 519 3175 vinculo,
532 3100 639 3164 fructu
661 3100 864 3178 obedientiae,
880 3098 1004 3163 unitate
1025 3095 1157 3183 spiritus
1171 3107 1238 3160 stu-

282 3202 378 3266 deant
393 3203 554 3266 resarcire.
589 3203 623 3268 Si
638 3226 714 3267 vero
729 3202 872 3267 mandati
888 3200 987 3265 nostri
1004 3212 1238 3286 contemptores
1329 3250 1331 3254 .

282 3303 312 3367 in
336 3301 505 3367 schismate
529 3327 587 3368 suo
608 3326 810 3390 perseverare
833 3300 1014 3379 maluerint,
1036 3302 1237 3377 sententiam,

282 3428 376 3491 quam
392 3404 427 3468 in
442 3428 496 3469 eos
510 3406 608 3470 abbas
619 3429 697 3470 suus
712 3406 861 3471 canonice
876 3405 1010 3482 dederit,
1024 3417 1124 3468 ratam
1141 3403 1236 3468 habe·

281 3506 398 3580 bimus,
408 3520 441 3570 et
451 3519 581 3570 auctore
592 3507 732 3572 Domino
742 3506 774 3568 in
786 3529 884 3592 regno
895 3503 1074 3591 Anglorum
1085 3503 1238 3569 faciamus

281 3606 508 3674 inviolabiliter
522 3609 693 3674 observari.

341 3802 581 3870 EPISTOLA
605 3803 827 3870 xcvi-n>
843 3824 1012 3869 summurn
1028 3823 1179 3868 crcnsrrt.

667 3927 863 3972 uerscornu.

516 4052 645 4117 Hilario
659 4054 819 4136 Episcopo
836 4054 1008 4116 Cicestren.

327 4169 426 4233 Saea
441 4166 585 4254 quidem,
600 4167 802 4234 dilectissime
818 4168 928 4242 frater,
943 4167 1161 4231 accusavimus
1175 4189 1240 4230 mo-

284 4290 350 4333 ram
375 4267 494 4333 silentii
517 4271 624 4345 vestri,
648 4283 679 4334 et
706 4269 952 4355 conjiciebamus
977 4268 1018 4332 ab
1040 4292 1078 4331 eo
1099 4268 1240 4331 caritatis

284 4373 428 4457 tepuisse
450 4372 618 4448 fervorem,
634 4395 671 4435 eo
693 4372 781 4457 quod
806 4370 1007 4435 taciturnitas
1021 4392 1083 4433 non
1106 4367 1241 4431 amantis
