3034 5500
409 745 446 804 14
663 752 799 796 Joasms
815 751 1093 796 sanusnnnrensrs
1265 738 1309 816 [s.
1327 757 1353 799 o.

405 930 480 971 vero
495 905 644 992 precihus
658 901 777 966 domini
794 905 877 986 regis
892 925 997 981 causa,
1012 917 1185 990 antequam
1202 908 1355 971 sententia

404 1008 553 1081 ferretur,
581 1004 692 1069 sortita
718 1016 766 1068 est
791 1002 987 1069 dilationem.
1035 1006 1132 1069 Unde
1162 1022 1354 1073 memoratus

403 1106 563 1173 Ricardus
578 1116 717 1171 nostram
738 1104 934 1170 audientiam
956 1107 1145 1193 appellavit:
1171 1107 1234 1171 illis
1248 1124 1352 1174 autem

402 1210 455 1274 die
478 1209 611 1296 praelixa
634 1209 819 1294 conspectui
846 1222 956 1273 nostro
980 1211 1171 1289 utentibus,
1197 1210 1354 1277 Ricardus

401 1313 633 1377 restitutionem
646 1312 713 1398 jam
724 1309 821 1375 dictae
836 1310 975 1377 ecclesiae
987 1326 1110 1397 petens,
1120 1313 1351 1398 querimoniam

400 1412 602 1489 instauravit,
623 1413 802 1498 producens
824 1426 888 1476 tres
912 1427 1018 1490 testes,
1042 1415 1099 1500 qui
1121 1416 1205 1477 sicut
1229 1416 1261 1478 in
1287 1416 1353 1480 foro

400 1515 552 1602 episcopi,
581 1515 626 1579 ita
654 1528 687 1578 et
717 1518 749 1578 in
777 1514 941 1579 audientia
967 1529 1076 1580 nostra
1102 1539 1175 1580 eum
1205 1520 1352 1583 canonice

400 1619 596 1695 institutum,
619 1631 652 1681 et
672 1618 739 1680 sine
756 1615 882 1702 judicio
905 1620 1041 1703 ejectum
1067 1620 1258 1683 asserebant.
1306 1623 1353 1685 Ad

400 1720 468 1785 hac
485 1719 567 1786 Rad.
583 1719 670 1804 quod
687 1719 718 1782 in
735 1721 902 1805 praesentia
920 1723 1059 1805 episcopi
1078 1735 1206 1804 gestum
1230 1736 1278 1787 est
1294 1723 1351 1787 sibi

399 1845 460 1886 non
477 1822 593 1886 debere
607 1823 716 1885 obesse
731 1820 907 1906 respondit,
923 1846 1025 1907 quum
1042 1836 1074 1886 et
1094 1823 1162 1907 ipse
1185 1837 1260 1888 ante
1275 1825 1352 1889 dila-

397 1923 516 1988 tionem
542 1924 705 2001 meruerit,
730 1936 763 1985 et
789 1921 845 1984 illo
868 1924 999 1988 absente
1026 1924 1189 2010 saepedicti
1215 1925 1283 1990 Ric.
1310 1927 1351 1990 ab

398 2024 549 2110 episcopo
572 2023 739 2087 inciviliter
766 2026 806 2088 sit
828 2039 957 2110 recepta
979 2028 1137 2111 probatio.
1184 2027 1253 2091 lllis
1275 2051 1350 2114 ergo

397 2123 602 2201 instantibus,
616 2138 651 2188 ut
666 2146 686 2187 a
701 2124 794 2189 nobis
807 2148 845 2188 eo
860 2139 1016 2211 praesente
1027 2141 1059 2191 et
1076 2126 1225 2193 audiente
1240 2152 1348 2193 eorum

397 2228 546 2313 probatio
571 2227 777 2311 reciperetur,
802 2227 885 2291 Rad.
913 2228 1041 2292 duobus
1067 2230 1196 2293 testium
1220 2230 1350 2295 crimina

395 2330 428 2394 in
439 2328 570 2393 modum
579 2328 774 2412 exceptionis
782 2330 944 2415 opposuit,
956 2331 1103 2411 alterum,
1115 2333 1240 2398 scilicet
1252 2356 1350 2396 sacer-

395 2430 516 2507 dotem,
530 2429 638 2494 dicens
652 2430 801 2494 infamem
823 2453 979 2517 reumque
1000 2433 1174 2508 homicidii,
1191 2448 1223 2497 et
1239 2433 1348 2497 falsifi-

394 2532 527 2598 cationis
556 2545 703 2607 monetoe‚
734 2532 910 2618 multisque
939 2533 1113 2597 latrociniis
1143 2535 1345 2600 involutum:

393 2634 529 2699 alterum
545 2654 621 2698 vero
645 2632 809 2697 Andream
833 2633 991 2720 acolytum
1009 2656 1077 2698 esse
1092 2636 1226 2698 asseruit
1245 2638 1345 2701 homi-

394 2737 513 2803 cidam:
551 2736 680 2802 tertium
712 2759 788 2800 vero
819 2736 949 2824 reliquit
978 2737 1145 2801 intactum.
1198 2738 1248 2801 Ad
1283 2741 1347 2804 haec

394 2865 525 2929 quoque
546 2840 677 2905 crimina
700 2840 937 2926 comprobanda
961 2839 1145 2904 dilationem
1170 2840 1228 2904 sibi
1256 2843 1347 2928 petiit

394 2943 564 3031 indulgeri.
610 2946 677 3008 Nos
699 2944 809 3030 itaque
831 2966 871 3006 ne
893 2966 955 3006 non
979 2942 1119 3021 malitiae,
1142 2943 1195 3005 sed
1211 2944 1347 3028 justitiae

394 3068 489 3110 causa
510 3044 694 3109 dilationem
718 3057 826 3129 petere
850 3043 1023 3123 videretur,
1045 3044 1086 3107 ab
1110 3067 1147 3105 eo
1172 3044 1345 3128 legitimam

394 3146 559 3229 exegimus
573 3144 765 3219 cautionem,
782 3166 849 3228 qua
863 3143 954 3206 nobis
978 3143 1071 3207 fidem
1088 3144 1217 3221 faceret,
1235 3170 1268 3209 so
1285 3170 1344 3211 non

392 3245 499 3309 animo
518 3243 723 3330 malignandi,
738 3256 796 3307 aut
819 3244 1031 3309 frustratoriae
1052 3244 1213 3308 dilationis
1236 3271 1346 3313 caussa

392 3368 460 3410 eam
474 3343 646 3429 postulare.
692 3347 802 3419 Quum
813 3346 1019 3410 veroanobis
1030 3346 1191 3410 dilationis
1207 3351 1342 3435 spatium
1363 3393 1368 3400 -
1391 3408 1395 3414 .

392 3447 478 3512 ultra
492 3447 672 3509 canonicam
688 3460 719 3511 et
741 3447 918 3530 legitimam
941 3447 1171 3527 definitionem,
1195 3474 1291 3537 quam
1316 3456 1344 3516 ei

391 3548 613 3629 offerebamus,
627 3548 772 3613 obtinere
788 3572 850 3613 non
865 3563 983 3636 posset,
1000 3551 1040 3613 ad
1056 3565 1192 3616 vestram
1209 3576 1344 3639 praesen·

392 3650 466 3715 tiam
478 3648 795 3737 appellavitapridie
804 3650 866 3715 cal.
883 3652 1003 3736 Aprilis
1013 3653 1146 3741 praelixa
1163 3655 1342 3730 Dominica,

391 3773 457 3837 qua
466 3751 649 3816 cantabitur
660 3757 711 3818 Ad
725 3763 756 3817 te
771 3758 881 3818 lerum.
928 3759 1026 3819 Actor
1042 3779 1117 3819 vero
1131 3755 1172 3818 de
1189 3756 1341 3841 temporis

389 3851 573 3937 prolixitate
588 3869 737 3920 causatus
754 3856 926 3920 terminum
942 3859 1118 3924 coarctavit
1134 3858 1217 3921 diem
1230 3862 1342 3923 Pente·

391 3971 502 4023 costes.
