3034 5500
287 725 350 783 ute
546 731 682 776 seruum
697 726 980 774 sanrsuenren'srs
1150 709 1192 791 [a.
1208 730 1233 771 n

290 901 322 957 et
343 898 447 951 vestra
467 885 622 969 recipere,
637 893 670 947 et
690 892 879 956 vestrorum,
901 879 1083 944 dummodo
1106 879 1192 941 robis
1210 891 1235 942 et

287 990 351 1054 illis
365 987 520 1051 securitas
533 996 729 1068 procuretur,
744 994 778 1045 et
793 982 935 1045 ecclesia
949 983 983 1044 in
1009 1003 1083 1047 eam
1105 983 1235 1043 restitua-

288 1101 339 1153 tur
350 1089 541 1161 libertatem,
553 1087 587 1147 in
603 1107 668 1168 qua
678 1096 746 1147 erat
761 1095 935 1166 antequam
949 1083 1057 1166 ipsam
1072 1082 1237 1165 iniqnitatis

288 1191 383 1274 hujus
404 1188 546 1273 procella
564 1197 763 1261 concuteret,
778 1206 882 1269 eoque
905 1186 1086 1248 modestius
1107 1185 1237 1249 scriben-

290 1291 377 1369 dum,
405 1300 438 1353 et
465 1289 667 1352 conditiones
699 1307 818 1350 censeo
853 1287 1047 1366 exigendas,
1077 1309 1141 1372 quo
1169 1286 1237 1348 mihi

291 1394 406 1460 certior
433 1412 505 1454 esse
531 1389 641 1452 videor
666 1393 793 1452 animos
818 1388 1062 1454 adversantium
1092 1388 1238 1452 Ecclesia

291 1493 425 1558 Domini
451 1492 497 1556 sic
522 1490 687 1554 induratos
706 1511 787 1563 esse,
809 1501 845 1552 ut
866 1490 992 1554 nullam
1014 1489 1147 1553 omnino
1169 1509 1238 1552 cou-

293 1596 447 1660 ditionem
476 1593 656 1668 admittant,
685 1591 748 1654 nisi
785 1612 858 1673 quae
888 1592 1040 1654 ecclesiae
1070 1592 1238 1653 libertatem

291 1706 422 1770 evertat,
451 1705 485 1758 et
513 1704 660 1770 vestram,
689 1705 722 1755 et
758 1691 903 1755 omnium
941 1703 1089 1759 nostrum
1118 1693 1240 1754 suhruat

292 1798 501 1872 honestatem,
546 1795 705 1875 Scriptum
732 1803 840 1855 tamen
870 1805 1005 1856 eatenus
1034 1793 1186 1876 proderit,
1211 1802 1241 1855 ut

292 1900 386 1961 vobis
408 1898 450 1960 sit
471 1906 582 1959 contra
607 1895 818 1974 malignantes
847 1894 1022 1975 episcopos
1048 1895 1083 1956 in
1109 1897 1240 1956 testimo

293 1999 394 2072 nium,
416 2010 450 2060 et
474 1997 631 2059 modestia
656 2006 769 2069 restra,
792 1993 879 2077 quod
906 1995 1081 2076 plurimum
1107 1994 1240 2079 expedit,

293 2100 443 2162 omnibus
458 2099 645 2159 innotescat

337 2200 370 2262 Si
389 2220 473 2272 vero,
494 2196 583 2279 qnod
603 2218 671 2259 non
692 2219 799 2280 spero,
817 2197 863 2261 illi
883 2197 953 2261 haec
976 2201 1044 2279 regi
1065 2196 1241 2266 obtulerint,

292 2300 416 2382 etipse
441 2297 643 2360 conditiones
670 2298 846 2370 admiserit,
873 2299 1042 2381 usquead
1068 2298 1240 2363 cautionem

294 2400 482 2485 securitatis,
497 2419 562 2460 non
578 2397 706 2461 ridetur
727 2397 806 2462 mihi
829 2398 918 2481 quod
939 2420 998 2462 vos
1020 2401 1054 2462 in
1075 2401 1170 2463 verbo
1192 2397 1243 2459 illo

293 2501 387 2564 nimis
398 2501 604 2584 scrupulosos
616 2522 686 2562 esee
698 2499 861 2582 expediat,
873 2500 1052 2564 dummodo
1063 2500 1240 2585 imperatris

294 2612 326 2662 et
340 2600 601 2682 archiepiscopus
617 2620 651 2661 se
667 2599 882 2681 interponant,
897 2613 930 2662 et
944 2620 1001 2662 rex
1018 2601 1243 2683 protestatione

294 2702 425 2786 publica
440 2715 472 2765 et
486 2700 642 2783 scriptura
657 2711 787 2782 patente
803 2721 859 2763 ros
873 2709 905 2763 ct
920 2713 1042 2766 vestros
1050 2703 1167 2788 jubeat
1179 2721 1244 2768 esse

295 2826 434 2868 securos.
479 2803 564 2875 Quid
587 2804 675 2864 enim
700 2802 725 2863 si
754 2804 842 2865 Deua
867 2802 928 2868 hac
952 2805 1175 2869 sollicitudine
1194 2826 1244 2866 ros

296 2906 471 2969 exercitare
480 2901 665 2979 decreverit,
678 2916 714 2966 nt
725 2904 838 2967 vivatis
852 2904 885 2967 in
898 2904 1008 2969 medio
1018 2906 1246 2980 insidiantium,

296 3020 328 3071 et
342 3005 551 3071 obsideamini
567 3007 608 3068 ab
632 3006 695 3067 illis
718 3006 772 3090 qui
794 3019 941 3088 quaerunt
955 3007 1099 3071 animam
1114 3019 1244 3071 vestram

295 3125 332 3175 ut
357 3108 504 3173 auferant
526 3105 620 3172 eam?
658 3108 775 3170 Nonne
800 3129 842 3170 ex
867 3129 966 3170 causa
990 3109 1155 3176 consimili
1176 3107 1246 3172 Gad

299 3211 457 3292 Propheta
476 3207 583 3272 David
604 3208 860 3289 peregrinantem
880 3230 899 3272 a
918 3209 999 3273 faeie
1021 3210 1130 3275 Saulis
1149 3209 1246 3272 redire

294 3305 427 3384 monuit,
454 3322 486 3371 et
511 3309 668 3390 compulit
689 3310 722 3371 in
748 3309 907 3387 sudeam,
933 3322 970 3372 ut
993 3311 1025 3374 ei
1046 3312 1244 3376 inimicorum

294 3408 419 3470 insidia
449 3407 489 3470 ad
514 3408 668 3471 exercitia
692 3408 841 3471 virtutum
869 3408 1072 3490 proficerent,
1099 3423 1133 3474 et
1157 3410 1244 3474 rneri-

294 3520 395 3578 torum
411 3506 553 3584 insignia
568 3507 614 3570 sic
631 3507 748 3569 clarius
764 3506 942 3572 radiarent?

338 3606 403 3670 Sed
425 3617 536 3687 arguet
560 3607 633 3689 quia
656 3606 786 3671 sortasse
813 3607 1023 3680 temeritatem
1048 3609 1148 3694 hujus
1172 3632 1245 3674 con·

295 3710 369 3786 sihi,
399 3718 496 3791 caput
525 3718 663 3769 restrum
693 3706 863 3772 hostilibus
898 3708 1016 3788 gladiis
1046 3712 1245 3793 objectantis,

296 3811 445 3894 dicetque
470 3807 671 3871 commodius
693 3829 776 3885 esse,
801 3809 998 3884 monatius,
1023 3825 1193 3893 expectare
1214 3824 1247 3874 ut

294 3911 477 3995 peregeritis
500 3908 731 3992 penitentiam,
748 3910 825 3993 qnia
845 3932 888 3974 ex
910 3911 1115 3976 conscientia
1135 3935 1246 3996 pecca·

294 4026 397 4073 torum
419 4011 562 4073 nondum
585 4011 652 4094 apti
673 4013 751 4077 estis
774 4014 932 4095 martyrio.
983 4013 1037 4078 Ad
1062 4014 1150 4099 quod
1175 4037 1246 4097 ego:

295 4113 399 4176 Nemo
416 4132 482 4173 nou
503 4126 598 4193 aptus
612 4124 672 4188 ost,
687 4114 748 4177 nisi
772 4112 829 4197 qui
848 4136 911 4177 non
929 4115 996 4178 rult
1016 4117 1087 4197 pati
1106 4137 1165 4201 pro
1186 4117 1247 4181 fide

295 4225 326 4274 ct
341 4211 491 4295 operibus
514 4212 602 4287 fidei,
616 4215 767 4295 parvulus
789 4215 830 4277 sit
846 4235 887 4277 en
902 4212 1044 4291 adultus,
1058 4216 1195 4282 Judeus
1206 4238 1246 4280 nn

296 4313 443 4398 Gerrtilis,
459 4311 662 4377 Christianus
685 4335 726 4377 an
748 4314 899 4389 infidelis,
914 4315 960 4375 vir
980 4336 1022 4378 an
1047 4318 1174 4396 mulier,
1188 4338 1249 4381 uon
