3034 5500
150 754 350 834 llos-ue]
539 772 716 818 ammosa.
1044 762 1100 819 ldl

146 925 364 1010 negotiorum,
380 922 474 989 variis
494 925 592 989 eurioe
614 924 887 1011 occupationibus,
903 940 935 991 et
950 926 993 990 rei
1009 926 1103 990 lami·

144 1025 232 1091 liaris
262 1026 505 1092 necessitatibus
534 1026 736 1114 impeditum,
767 1028 941 1092 amicorum
971 1028 1099 1116 petitio·

145 1128 240 1194 nibus
249 1128 485 1215 promovendis,
497 1127 624 1193 nisialio
630 1130 792 1207 incitante,
805 1152 915 1194 vacare
926 1154 986 1194 non
997 1153 1098 1217 posse.

147 1231 197 1294 De
213 1245 325 1296 vestra
339 1232 450 1317 itaqua
465 1230 681 1296 familiaritate
701 1255 907 1318 praesumens,
923 1255 1045 1318 precor,
1061 1246 1099 1297 ut

144 1330 511 1420 inspectislitterisquas
525 1334 554 1397 ei
570 1334 674 1411 mitto,
691 1335 795 1420 ipsum
811 1335 852 1399 ad
865 1335 1096 1400 reformandam

145 1434 222 1497 mihi
231 1434 355 1499 domini
365 1435 450 1518 regis
460 1439 595 1520 gratiam
605 1438 762 1516 animetis,
771 1451 803 1500 et
816 1453 995 1502 recurrente
1004 1439 1100 1523 scrip-

146 1548 181 1599 to
193 1551 334 1602 vestrum
346 1536 423 1601 mihi
432 1537 597 1602 consilium
610 1539 803 1625 significetis.
848 1541 1016 1617 Quomodo
1024 1564 1100 1604 vero

145 1639 296 1704 dominus
325 1663 393 1720 rex,
418 1641 537 1706 domiui
560 1664 663 1728 papae,
686 1641 924 1707 cantuariensis
945 1642 1098 1728 episcopi,

142 1754 174 1803 et
189 1741 367 1805 cancellarii
384 1743 432 1807 sui
448 1744 617 1828 petitiones
632 1744 777 1830 accipiat,
799 1743 968 1827 diligenter
983 1743 1099 1807 litteris

147 1847 271 1922 restris,
287 1845 313 1906 si
330 1843 445 1929 placet,
461 1845 634 1910 rescribite.
667 1841 818 1908 Amicum
834 1845 989 1931 siquidem
1007 1844 1099 1929 longe

146 1943 314 2009 honestius
343 1959 391 2010 est
413 1947 567 2011 veraciter
590 1947 788 2033 praemuniri,
818 1968 913 2031 quam
945 1944 1101 2009 fallaciter

144 2045 263 2132 decipi.
311 2046 425 2111 Jacula
452 2071 581 2134 quoque
603 2049 708 2112 minus
731 2048 865 2124 laedunt,
887 2071 962 2132 quae
983 2051 1098 2133 praevi-

144 2149 272 2215 dentur.

186 2410 413 2475 EPISTOLA
440 2411 655 2475 CXIIl.-no
672 2431 769 2475 naurs
784 2429 1052 2476 caucasssruun.

520 2513 600 2595 [no.
617 2516 723 2595 llos]

461 2650 663 2714 Concellario
677 2648 784 2730 Rapis.

189 2766 299 2832 lusan
308 2766 514 2852 multiplices,
523 2779 554 2829 et
565 2787 679 2849 graves
689 2765 720 2828 in
731 2788 781 2828 me
791 2766 948 2829 saevientis
956 2766 1094 2830 fortunas

144 2868 288 2955 injurias,
296 2868 376 2932 nihil
388 2893 425 2933 eo
436 2868 599 2932 molestius
611 2867 689 2946 fero,
697 2866 785 2951 quod
798 2866 970 2929 amicorum
984 2866 1096 2930 solatio

140 2971 317 3036 destitutus
333 2971 487 3036 neminem
511 2983 660 3034 curarum
682 2968 814 3044 socium,
832 2988 889 3032 aur
906 2968 1091 3054 participem

139 3078 284 3138 moeroris
304 3070 437 3137 invenio.
486 3073 523 3135 In
540 3093 607 3157 quo
621 3069 744 3133 calculo
765 3092 831 3132 sors
854 3092 923 3133 mea
939 3081 1092 3147 versetur,

142 3177 222 3241 citra
239 3199 318 3239 meae
338 3174 573 3261 conquestionis
587 3172 758 3259 judicium,
774 3195 812 3235 ex
829 3171 966 3257 hisquae
982 3171 1095 3236 ridetis

142 3293 173 3343 et
188 3278 321 3356 auditis,
342 3291 374 3340 et
389 3300 462 3362 quas
483 3277 579 3361 longo
594 3275 751 3340 didicistis
773 3273 987 3360 experimento
1002 3274 1094 3339 facile

140 3378 286 3465 prteritis
297 3375 482 3461 intelligere.
508 3378 554 3442 Ut
565 3391 669 3442 tamen
680 3400 752 3462 quae
763 3376 929 3462 sit‚paueis
940 3379 1091 3462 aperiam.

142 3481 192 3544 Ex
223 3502 292 3565 quo
314 3479 388 3543 socii
411 3477 510 3543 nostri
531 3502 551 3542 a
573 3480 664 3544 vobis
696 3479 869 3557 redierunt,
891 3501 1088 3543 communem

141 3584 328 3660 Dominum,
343 3603 395 3644 me
418 3582 483 3646 fere
502 3581 642 3659 excluso,
659 3582 718 3645 nisi
740 3603 838 3667 quum
861 3603 958 3646 onera
973 3581 1091 3647 fuerint

141 3686 317 3757 subeunda,
335 3708 426 3748 sunm
443 3684 604 3771 promissis
619 3696 649 3748 et
666 3684 848 3747 rumoribus
862 3684 1045 3748 effecerunt.

363 3802 390 3852 N
393 3820 425 3853 ou
438 3801 558 3871 equidem
571 3800 683 3863 invideo,
695 3801 773 3852 miror
786 3801 879 3866 magis.

144 3908 173 3971 Si
190 3906 270 3992 quid
287 3927 365 3989 ergo
380 3918 484 3990 potest
501 3905 588 3989 apud
602 3902 819 3966 excellentiam
838 3914 972 3965 vestram
990 3905 1093 3988 parri·

141 4009 212 4071 tatis
235 4030 315 4070 meae
337 4005 475 4083 devotio,
498 4007 523 4068 si
547 4027 609 4089 qua
631 4015 679 4065 est
700 4002 843 4087 antiquae
869 4001 1091 4071 familiaritatis

140 4110 299 4184 memoria,
312 4107 338 4170 si
350 4121 502 4193 spectatae
514 4106 662 4169 amicitiae
676 4105 784 4180 fidem,
797 4104 935 4167 fortunae
949 4104 1088 4192 impetus

142 4231 200 4273 non
222 4209 391 4283 subvertit,
407 4207 438 4269 id
457 4206 551 4290 agite,
568 4228 633 4290 quo
649 4204 838 4268 serenissimi
854 4203 973 4268 domini
989 4210 1087 4271 nostri

143 4312 223 4394 regis
244 4309 346 4392 gratis
361 4311 393 4371 in
415 4329 464 4369 me
486 4319 639 4390 concepta
660 4305 840 4387 indignatio
861 4304 1037 4386 mitigetur,
1053 4323 1089 4371 ut

142 4432 197 4495 pro
211 4409 333 4476 arbitro
355 4410 424 4494 ejus
446 4430 593 4472 excusem
615 4406 826 4471 innocentiam
850 4427 963 4483 meam,
983 4420 1040 4471 sut
1061 4409 1087 4472 si

186 4534 258 4578 vor„
274 4534 295 4578 1.
601 4530 625 4571 nr
