3034 5500
419 778 481 834 ⁶242
674 785 810 830 sossius
826 782 1117 829 senesaeurensrs
1292 765 1334 845 [a.
1350 785 1375 830 n.

420 941 516 1016 carni,
532 952 563 1002 et
577 939 692 1020 sopito,
707 940 772 999 imo
787 938 851 999 sere
867 936 1014 999 extincto
1034 939 1167 1020 spiritui
1184 939 1219 1001 in
1243 939 1375 1003 salntem

422 1041 618 1105 Persuadeas
644 1060 718 1121 ergo
746 1039 884 1101 dominae
911 1050 1031 1101 nostrae
1054 1051 1092 1104 ut
1118 1062 1183 1103 nos
1211 1039 1376 1104 decertem

418 1145 535 1206 babeat
550 1155 721 1206 excusatos
744 1142 777 1203 in
802 1162 841 1203 eo
866 1139 956 1223 quod
981 1141 1068 1204 ultro
1092 1141 1299 1206 dissimulare
1318 1164 1375 1206 non

419 1247 511 1309 licet:
535 1247 679 1328 sciatque
701 1264 759 1325 pro
775 1255 863 1305 certo
886 1240 1018 1325 quodsi
1035 1245 1194 1308 revixerit
1209 1245 1294 1308 filins
1307 1244 1376 1329 ejus,

419 1360 451 1411 et
467 1348 637 1411 consilium
656 1346 764 1408 matris
789 1344 922 1426 recipiat
945 1343 1085 1407 audiens
1102 1368 1219 1410 rocem
1244 1347 1375 1421 Domini,

421 1470 480 1511 nos
508 1447 549 1510 ad
574 1447 728 1509 honorem
757 1444 831 1519 Dei,
855 1453 887 1505 et
910 1443 1114 1507 voluntatem
1141 1467 1235 1508 suam
1261 1459 1375 1529 pantos

421 1548 571 1611 inveniet.
606 1545 737 1608 Interim
753 1543 939 1606 morientem
956 1542 1061 1606 filium
1078 1546 1212 1629 paritor,
1225 1559 1259 1610 et
1272 1545 1374 1610 eodem

421 1653 587 1734 lugeamus
608 1649 735 1720 affectu,
752 1646 807 1728 qui
832 1646 967 1708 salutem
984 1645 1056 1729 ejus
1070 1656 1105 1710 et
1127 1648 1297 1725 bonorem,
1310 1648 1374 1711 Deo

421 1764 513 1826 teste,
525 1749 684 1814 consimili
700 1747 859 1811 desiderio
874 1757 1026 1829 optamus
1041 1750 1164 1831 pariter
1179 1761 1213 1813 et
1227 1762 1372 1834 optamus

422 1854 506 1918 Haec
533 1874 604 1916 cuni
632 1851 752 1923 dolore,
777 1850 927 1927 lacrimis,
951 1849 1160 1930 singultibus,
1186 1864 1216 1915 et
1241 1852 1374 1935 suspiriis

421 1956 591 2039 loquimur,
607 1965 758 2037 tanquam
774 1952 893 2015 viscera
907 1963 1016 2015 nostra
1032 1952 1073 2016 de
1089 1955 1231 2018 claustro
1246 1955 1373 2038 pectoris

421 2056 593 2120 acerbitate
619 2055 692 2117 ferri
722 2065 867 2117 extracta
895 2054 1008 2117 ardore
1035 2056 1173 2119 cauterii
1199 2058 1371 2120 inuramus:

420 2158 507 2242 quod
522 2170 554 2221 et
569 2158 659 2220 Deus
675 2158 747 2234 scit,
758 2158 792 2219 in
808 2157 901 2240 cujus
916 2153 1070 2242 injuriam
1081 2180 1236 2225 exercere
1251 2162 1374 2226 ulterius

418 2282 484 2323 non
501 2259 655 2323 debemus
677 2259 810 2342 impiam
834 2260 1037 2342 pietatem‚ei
1060 2259 1093 2323 in
1117 2264 1224 2340 terris,
1240 2278 1373 2336 matrem,

418 2374 552 2446 patrem,
568 2382 716 2434 sororem,
733 2358 945 2444 praefcrendo',
960 2373 993 2425 et
1018 2363 1220 2429 Dominum:
1250 2376 1372 2430 nonest

420 2464 511 2527 dolor
525 2463 609 2526 sicut
624 2463 716 2526 dolor
731 2464 810 2527 iste:
842 2464 898 2527 sed
914 2465 1030 2528 caritas
1055 2465 1131 2544 Dei,
1146 2479 1180 2531 et
1203 2469 1334 2546 utilitas,
1345 2481 1373 2531 et

419 2567 522 2629 honor
537 2565 606 2649 ejus
621 2566 676 2649 qui
692 2577 829 2642 curatur,
844 2588 904 2629 nos
921 2578 1014 2648 urget
1028 2581 1065 2633 ut
1089 2568 1161 2632 baec
1186 2570 1260 2634 sorti
1274 2573 1372 2635 animo

419 2670 616 2732 sufferamus.
662 2667 753 2744 Vale,
769 2669 884 2744 saluta,
898 2680 930 2730 et
952 2670 1093 2734 sollicita
1107 2672 1221 2737 fratres
1244 2687 1371 2748 nostros,

419 2784 454 2834 ut
477 2771 569 2834 nobis
597 2771 766 2853 impetrent
791 2771 935 2853 spiritum
961 2774 1090 2836 consilii
1117 2787 1150 2837 et
1176 2773 1373 2855 fortitudinis,

420 2882 546 2935 orantes
561 2891 619 2954 pro
634 2869 766 2933 domino
782 2889 865 2951 rege,
882 2880 918 2933 ut
931 2872 958 2933 ei
979 2871 1067 2934 adsit
1080 2873 1214 2955 spin'tus
1237 2877 1370 2941 scientie

420 2985 451 3037 et
465 2973 615 3050 veritatis,
630 2981 787 3056 quatenus
811 2992 878 3056 pax
894 2971 963 3055 ejus
978 2973 1138 3038 Ecclesiae
1159 2977 1224 3041 Dei
1240 2979 1372 3043 etnobis

419 3074 604 3138 reformetur
618 3075 651 3137 in
669 3072 822 3136 Domino.

418 3330 639 3394 EPISTOLA
683 3330 875 3395 CLIl.—an
910 3349 1122 3400 winnnnnnn
1159 3356 1203 3401 nr
1238 3356 1370 3403 ooosnir

451 3449 593 3493 amores
611 3449 776 3494 nocensne
793 3451 1071 3497 canrnanmnsrs.
1123 3436 1169 3520 [a.
1186 3458 1219 3500 n.
1237 3442 1344 3517 noa]

471 3564 641 3628 Prioribus
655 3573 776 3629 sancte
792 3566 946 3630 Ecclesia
966 3564 1233 3651 camum,
1245 3574 1282 3638 J.
1297 3576 1333 3641 S.

460 3686 657 3749 Massinissa
673 3695 778 3767 potest
793 3698 826 3747 et
847 3684 943 3749 debet
958 3697 1062 3752 vestra
1077 3689 1244 3771 discretio,
1259 3706 1373 3779 quanta

418 3786 590 3850 reverentia
606 3786 645 3848 sit
660 3786 808 3849 Patribus
823 3788 1018 3865 exhibenda,
1033 3803 1065 3852 et
1086 3805 1242 3875 quantam
1267 3796 1372 3859 buma-

415 3892 547 3953 nitatem
568 3900 677 3951 sancta
694 3886 935 3952 cantuariensis
961 3892 1099 3955 ecclesia
1126 3895 1373 3982 archiepiscopis

417 3993 481 4054 suis
497 3989 698 4073 impenderit.
745 3990 838 4053 Licet
860 3993 1082 4069 acuminum,
1100 3996 1158 4079 qui
1175 3999 1274 4062 modo
1298 4020 1372 4084 pre·

415 4092 499 4156 sidet
514 4093 617 4168 nobis,
633 4112 696 4153 non
714 4091 848 4155 audeam
867 4093 933 4156 suis
955 4093 1183 4162 decessoribus
1198 4120 1374 4186 coaequare,

415 4196 468 4279 qui
497 4195 530 4255 in
561 4192 696 4254 ecclesia
727 4202 837 4255 nostra
866 4206 1037 4257 coruscant
1066 4197 1247 4280 miraculis,
1272 4213 1372 4265 tamen

414 4316 554 4368 causam,
571 4288 682 4375 'quarn
724 4294 784 4356 iste
824 4306 939 4371 tuetur,
978 4296 1163 4362 inferiorem
1203 4323 1276 4367 osse
1312 4324 1371 4367 non

414 4400 554 4462 arbitror.
595 4393 718 4457 Eadem
731 4396 816 4459 enim
830 4408 892 4497 est,
906 4418 1003 4477 quum
1020 4399 1194 4484 utrobique
1211 4426 1272 4489 pro
1283 4407 1369 4472 liber.
