3034 5500
288 763 491 843 ttae-ac]
669 780 846 828 aristosa.
1184 771 1243 828 ltr

276 933 367 998 nobis
384 955 446 1018 pro
464 930 639 995 reverentia
655 942 772 994 nostra.
820 930 853 993 Si
867 943 973 993 autem
995 930 1036 994 ad
1051 945 1239 998 extraneum

276 1034 325 1099 vel
344 1033 553 1120 peregrinum
571 1045 703 1116 urgente
718 1031 903 1096 necessitate
919 1032 1134 1119 confugimus,
1149 1035 1239 1100 time·
1328 1117 1331 1123 μ

274 1159 357 1211 mus,
376 1159 416 1199 ne
432 1159 493 1221 pro
507 1134 593 1221 pisce
608 1143 797 1219 serpentem,
813 1146 870 1197 aut
886 1156 926 1196 ne
949 1157 1007 1220 pro
1021 1158 1080 1198 oro
1095 1137 1238 1222 porrigat

277 1237 490 1325 scorpionem.
536 1240 695 1301 Praeterea
715 1257 790 1297 oves
805 1248 918 1300 vestrae
939 1249 995 1300 aut
1011 1259 1073 1300 non
1089 1238 1236 1313 audiunt,

277 1354 335 1406 aut
358 1341 466 1405 minus
488 1338 625 1403 audiunt
648 1359 755 1400 vocem
779 1336 963 1402 alienorum.
1003 1339 1088 1416 Quid
1112 1341 1237 1405 multa?

273 1442 434 1528 jacturam
457 1442 601 1518 Domini,
617 1462 690 1524 qua·
712 1439 857 1525 quotidie
873 1439 910 1503 fit
932 1439 964 1502 in
981 1441 1075 1503 rebus
1095 1456 1127 1506 et
1144 1445 1237 1506 mori·

277 1550 351 1620 bus,
363 1566 426 1608 non
443 1540 604 1606 sufficiunt
617 1563 774 1606 enarrare.
805 1540 926 1604 Audite
938 1564 1023 1623 ergo,
1036 1542 1239 1609 dilectissime

276 1647 376 1711 frater
392 1645 424 1709 in
441 1644 596 1718 Domino,
609 1643 773 1728 planctum
790 1641 1010 1716 esurientium,
1023 1642 1132 1707 audite
1148 1668 1239 1710 voces

277 1747 475 1833 vagientium
500 1745 719 1832 parvulorum,
743 1744 853 1807 audite
880 1767 988 1807 vocem
1017 1768 1140 1829 sponsae
1163 1769 1236 1833 quae

275 1872 383 1913 amore
397 1852 541 1933 languet,
556 1862 587 1911 et
604 1861 709 1911 vestro
725 1846 883 1910 desiderio
898 1847 1075 1912 intabescit.
1114 1849 1238 1915 Audite

275 1951 418 2036 denique
434 1971 541 2013 vocem
558 1948 676 2033 sponsi,
692 1947 749 2033 qui
770 1970 827 2010 vos
842 1948 1007 2013 constituit
1033 1971 1128 2033 super
1143 1951 1237 2015 fanti·

278 2052 354 2116 liam
380 2073 484 2128 suam,
510 2063 547 2114 ut
573 2049 600 2111 ei
627 2050 734 2112 cibum
763 2048 844 2112 detis
868 2048 899 2111 in
925 2062 1077 2135 tempore.
1122 2052 1238 2117 Redite

278 2155 390 2239 itaque
413 2151 453 2214 ad
474 2149 637 2214 ecclesiam
661 2161 809 2223 vestram,
826 2161 858 2212 et
881 2161 979 2212 totam
996 2150 1131 2214 insulam
1155 2155 1238 2239 sapi·

280 2254 377 2317 entiae
405 2265 438 2316 et
465 2249 594 2314 virtutis
620 2261 734 2312 vestrae
762 2247 859 2311 radiis
883 2247 1053 2312 illustrate.
1092 2255 1160 2315 Nec
1183 2275 1239 2317 vos

279 2366 427 2420 moveant
442 2352 560 2416 damna
576 2372 694 2423 rerum,
709 2371 805 2433 quem
826 2348 998 2434 respiciunt
1014 2352 1156 2436 pericula
1170 2354 1238 2417 ani·

279 2475 417 2518 marum.
462 2449 680 2516 Proculdubio
696 2448 795 2511 satius
810 2463 856 2512 est
873 2462 903 2512 et
920 2450 1057 2534 aequius,
1074 2465 1110 2516 ut
1126 2454 1239 2518 sollici-

281 2553 404 2620 tudinis
431 2564 546 2616 vestrae
569 2548 766 2633 vigilantiam
792 2549 965 2612 commissis
987 2552 1078 2615 vobis
1100 2554 1238 2620 ecclesiis

278 2653 483 2740 impendatis,
496 2673 591 2737 quam
608 2649 728 2713 alienis.
769 2651 928 2714 Dominus
940 2674 998 2716 rex
1013 2653 1054 2716 de
1069 2656 1239 2720 securitate

281 2772 388 2824 restra
406 2779 463 2821 nos
482 2754 558 2820 lecit
581 2774 716 2832 securos,
734 2765 767 2817 et
790 2752 929 2831 duobus,
948 2774 1029 2837 quos
1050 2757 1237 2820 nominatim

279 2858 435 2930 excludit,
459 2853 612 2940 exceptis,
636 2875 716 2938 quos
743 2852 918 2929 volueritis,
941 2853 982 2916 ad
1008 2854 1145 2938 gratiam
1167 2857 1239 2941 ejus

279 2960 426 3048 poteritis
440 2956 651 3022 introducere.
690 2958 758 3020 Nos
774 2967 881 3017 autem
904 2955 1021 3020 reditui
1039 2969 1145 3020 vestro
1165 2980 1238 3021 con-

278 3060 528 3151 gratulabimur,
543 3072 575 3123 ct
597 3057 755 3144 quicquid
779 3056 891 3121 auxilii
913 3055 964 3121 vel
979 3057 1100 3123 consilii
1121 3061 1238 3147 poteri·

281 3187 366 3245 mus,
381 3160 492 3227 libenti
509 3159 613 3224 animo
628 3158 836 3222 conferemus.
868 3158 955 3223 Vale.

317 3481 558 3546 EPISTOLA
582 3480 799 3545 XCIX-an
815 3501 967 3547 somnust.
995 3487 1204 3563 [n.n.1157.]

656 3644 747 3708 Idem
762 3645 873 3709 eidem.

324 3769 450 3830 Amnis
473 3760 603 3837 nostris,
627 3778 761 3846 urgente
783 3763 966 3828 tentationis
988 3764 1135 3846 articulo,
1155 3766 1240 3831 illam

287 3863 413 3929 consilii
428 3865 512 3927 viam
527 3861 722 3925 credidimus
736 3864 977 3940 ostendendam,
987 3887 1061 3950 quae
1070 3866 1244 3932 honestatis

283 3966 399 4053 specie,
415 3976 473 4029 aut
495 3963 645 4027 utilitatis
665 3964 786 4041 fructu,
808 3964 936 4029 videtur
958 3987 1025 4050 proe
1047 3969 1171 4032 caeteris
1188 3969 1243 4033 eli-

283 4064 398 4151 genda.
444 4067 491 4128 Et
514 4063 587 4127 licet
611 4062 803 4147 ambigentis
825 4064 950 4128 animus
965 4079 1048 4130 recte
1064 4066 1242 4133 consulenti

283 4167 507 4251 obtemperare
528 4163 692 4239 detrectet,
719 4165 861 4229 caritatis
884 4179 988 4230 tamen
1012 4168 1163 4231 instantia
1181 4190 1243 4231 non

285 4266 431 4353 quiescit,
441 4263 543 4328 donec
555 4264 762 4329 reluctantem
776 4266 911 4330 amicum
922 4265 962 4328 ad
977 4266 1059 4330 bona
1070 4267 1245 4351 pertrahat,

286 4367 333 4431 vel
348 4367 508 4432 invitum.
556 4365 607 4427 Sic
619 4387 688 4442 nos,
704 4365 875 4428 reverende
889 4379 920 4428 et
931 4365 1144 4428 amantissime
1154 4365 1252 4428 stater

750 4473 804 4529 12
