3034 5500
295 757 352 818 188
551 767 688 814 rasurus
702 765 985 812 saansaanrrrrrsrs
1110 823 1117 836 ι
1155 747 1196 831 [Λ.
1213 766 1240 809 n

287 935 422 988 restrum
449 943 632 1006 exequerer.
685 920 736 982 De
763 941 838 1000 rege
868 931 902 983 et
930 920 1124 1002 proceribus
1149 920 1238 982 mults

285 1034 510 1107 percunctatus
536 1031 595 1098 est,
618 1021 675 1084 sed
701 1042 761 1102 ego
784 1020 963 1105 temperari
987 1040 1188 1103 responsum,
1207 1033 1237 1083 ut

283 1147 334 1190 me
359 1146 420 1189 nec
446 1124 486 1188 de
513 1123 682 1187 mendacio
708 1122 909 1188 conscientia
935 1121 1162 1206 reprehendat,
1183 1143 1236 1185 nec

283 1227 493 1291 temeritatem
515 1246 620 1288 meam
642 1225 676 1287 in
702 1224 764 1301 his,
786 1246 858 1307 quta
880 1223 922 1287 ad
949 1245 1060 1306 regem
1088 1236 1236 1308 spectant,

284 1329 453 1414 quisquam
486 1327 588 1424 possit
617 1347 757 1408 arguere.
812 1325 944 1388 Vestras
975 1347 1052 1389 vero
1083 1327 1236 1408 angustias

284 1430 420 1494 audiens
435 1429 525 1492 robis
547 1448 735 1513 compassus
756 1438 816 1505 est,
830 1425 1057 1512 auxiliumque
1080 1426 1236 1510 promittit

284 1533 392 1597 Nares
421 1532 539 1595 etenim
570 1529 764 1615 procurabit,
789 1530 818 1591 si
843 1527 907 1593 hoc
934 1531 1113 1594 necessitas
1140 1539 1235 1594 restra

284 1633 437 1713 exegerit,
453 1643 487 1695 et
507 1632 576 1714 ipse
598 1641 684 1707 ante,
702 1642 736 1692 ut
759 1638 894 1712 oportet,
916 1641 1162 1713 praemoneatur.
1203 1632 1233 1695 Si

283 1754 358 1797 vero
374 1733 493 1797 adhoc
510 1754 566 1795 ros
587 1741 758 1815 tempestas
772 1731 945 1814 impulerit,
960 1731 1146 1815 prremittite
1167 1741 1234 1796 ante

284 1844 340 1897 aut
354 1834 539 1918 Philippum
555 1844 730 1916 emptorem
746 1842 898 1908 vestrum,
910 1831 966 1915 qui
983 1840 1017 1894 et
1030 1832 1157 1895 comitis
1167 1853 1235 1896 auc·

285 1937 407 2001 toritate
434 1947 551 2013 utatur,
577 1945 610 1998 et
636 1955 710 1998 cum
736 1934 842 1998 nautis
867 1943 900 1995 et
926 1933 1124 2011 vectoribus,
1150 1948 1235 2018 prout

285 2036 473 2119 expedierit,
499 2037 677 2102 contrahat
721 2033 776 2099 Sic
804 2055 824 2097 a
852 2033 970 2098 comite
1000 2034 1166 2114 recedens,
1190 2034 1236 2099 die

285 2139 435 2223 sequenti
452 2139 647 2201 Noriomum
664 2138 748 2201 reni.

327 2243 372 2304 Et
386 2241 497 2303 nescio
512 2261 576 2323 quo
591 2241 743 2323 praepetis
758 2254 791 2304 et
805 2241 958 2325 inquiete
970 2242 1064 2305 farnae
1080 2244 1235 2328 praeconio

282 2343 447 2408 calamitas
478 2339 668 2422 anglorum,
694 2343 966 2427 ecclesiarumque
996 2345 1138 2420 vexatio,
1164 2366 1235 2429 quo-

284 2466 422 2528 cumque
449 2440 628 2520 reniebam,
653 2444 756 2507 fuerat
785 2444 966 2525 divulgata:
1005 2456 1042 2508 ut
1071 2447 1116 2509 ibi
1143 2449 1236 2510 multa

283 2544 426 2610 audirem
442 2555 532 2627 gesta
546 2546 579 2607 in
600 2558 761 2609 conventu
784 2545 1009 2610 Londouieusi
1033 2560 1066 2610 et
1081 2548 1237 2610 Wintoni·

281 2648 363 2726 ensi,
378 2670 450 2732 qum
465 2648 499 2709 in
514 2649 632 2729 Anglia
646 2669 813 2733 uunquam
828 2647 1002 2713 audieram.
1046 2651 1092 2713 Et
1107 2650 1234 2734 quidem

282 2754 446 2837 pleraque,
461 2762 497 2813 ut
518 2750 565 2828 fit,
580 2748 701 2835 majora
723 2764 754 2814 et
776 2752 886 2835 pejora
907 2753 991 2815 reris
1014 2753 1235 2816 referebantur.

283 2854 357 2936 Ego
369 2864 477 2916 autem
489 2854 558 2916 haec
571 2853 689 2929 omnia,
701 2874 773 2934 quae
784 2875 843 2937 per
858 2875 914 2917 ora
929 2856 1043 2939 populi
1056 2856 1235 2932 volitabant,

282 2953 514 3018 studiosissime
531 2953 791 3016 dissimulabam:
815 2956 874 3017 sed
888 2976 949 3018 nec
973 2956 1139 3019 simulanti
1152 2977 1234 3038 pros·

282 3075 361 3137 pera
389 3057 484 3137 plene
514 3056 714 3132 credebatur,
744 3077 803 3119 nec
843 3055 977 3120 adversa
1014 3057 1234 3122 dissimulanti

281 3154 441 3239 Quodque
459 3157 629 3232 miremini,
644 3177 753 3220 comes
775 3158 1019 3221 Suessionensis
1034 3180 1077 3222 ea
1097 3159 1161 3238 die,
1177 3182 1235 3244 qua

282 3255 433 3318 Noriomi
448 3276 546 3332 eram,
561 3277 671 3319 omnes
686 3258 838 3321 articulos
861 3259 1113 3339 Londonieusis
1128 3262 1234 3325 nescio

282 3354 490 3420 conciliabuli
505 3370 562 3421 aut
577 3358 772 3422 disciliabuli
793 3359 911 3437 dicam,
926 3360 1054 3425 decano
1076 3364 1124 3427 ita
1145 3364 1234 3428 seria·

282 3456 337 3520 tim
353 3458 516 3540 exposuit,
532 3480 569 3522 ac
585 3461 613 3523 si
627 3460 823 3525 interfuisset
842 3463 991 3527 omnibus
1006 3485 1161 3548 praesens,
1174 3485 1234 3529 non

282 3557 378 3622 modo
394 3559 445 3622 his
460 3582 532 3644 quae
549 3561 582 3624 in
597 3562 716 3645 palatio
741 3574 832 3643 gesta
853 3575 937 3643 sunt,
953 3564 1012 3628 sed
1037 3589 1111 3652 qure
1136 3588 1234 3631 secre-

282 3661 403 3726 tissime
420 3664 460 3726 ab
473 3663 522 3726 bis
533 3666 581 3727 rel
598 3664 638 3727 ab
654 3664 718 3727 illis
733 3664 822 3729 dicta
837 3677 911 3730 sunt
923 3667 957 3729 iu
969 3670 1128 3733 conclavi.
1166 3670 1231 3732 Nec

281 3765 375 3827 facile
391 3764 591 3842 crediderim,
607 3766 683 3848 quin
698 3766 744 3828 ibi
759 3768 825 3830 sire
841 3766 881 3831 de
896 3769 963 3832 suis
976 3770 1045 3833 sive
1060 3769 1103 3834 de
1118 3783 1233 3835 nostra

281 3866 367 3931 tibus
382 3878 497 3930 cautos
514 3865 733 3951 exploratores
749 3868 919 3933 habuerint
939 3867 1040 3935 Galli.
1088 3875 1233 3937 Decanns

280 3980 385 4032 autem
413 3970 651 4047 Noriomeuais,
678 3971 724 4034 rir
750 3972 960 4054 integerrimae
988 3973 1079 4052 fidei,
1104 3995 1233 4041 concus-

280 4071 402 4133 sionem
419 4083 552 4134 restram
573 4094 639 4135 non
663 4072 732 4136 sine
757 4075 859 4137 multo
885 4074 995 4138 dolore
1018 4076 1182 4140 audierat:
1204 4086 1232 4138 et

279 4194 313 4235 se
329 4172 369 4236 ad
382 4194 438 4234 ros
454 4173 676 4257 recipiendum
692 4187 860 4258 praeparat,
872 4198 936 4239 non
951 4177 1049 4240 modo
1061 4198 1118 4242 sua
1130 4175 1230 4241 omnia

279 4276 482 4357 expositurus
507 4295 564 4357 pro
580 4276 682 4352 robis,
698 4276 755 4339 sed
771 4297 830 4358 pro
845 4275 1072 4341 cantuariensi
1092 4277 1232 4350 ecclesia,

279 4377 306 4437 si
325 4376 510 4460 oportuerit,
524 4377 663 4459 seipsum
691 4378 861 4459 positurus.
909 4378 1104 4443 Decreverat
1129 4391 1228 4443 autem
