<?xml version="1.0" encoding="UTF-8"?>
<!DOCTYPE html PUBLIC "-//W3C//DTD XHTML 1.0 Transitional//EN"
    "http://www.w3.org/TR/xhtml1/DTD/xhtml1-transitional.dtd">
<html xmlns="http://www.w3.org/1999/xhtml" xml:lang="en" lang="en">
 <head>
  <title>
</title>
<meta http-equiv="Content-Type" content="text/html;charset=utf-8" />
  <meta name='ocr-system' content='tesseract 3.04.00' />
  <meta name='ocr-capabilities' content='ocr_page ocr_carea ocr_par ocr_line ocrx_word'/>
</head>
<body>
  <div class='ocr_page' id='page_1' title='image "./joannissaresber16johngoog_0206.png"; bbox 0 0 3034 5500; ppageno 0'>
   <div class='ocr_carea' id='block_1_1' title="bbox 282 770 1079 833">
    <p class='ocr_par' dir='ltr' id='par_1_1' title="bbox 282 770 1079 833">
     <span class='ocr_line' id='line_1_1' title="bbox 282 770 1079 833; baseline 0.004 -7"><span class='ocrx_word' id='word_1_1' title='bbox 282 770 338 827; x_wconf 74' lang='lat'>184</span> <span class='ocrx_word' id='word_1_2' title='bbox 440 787 579 833; x_wconf 72' lang='lat' dir='ltr'>sonuum</span> <span class='ocrx_word' id='word_1_3' title='bbox 595 787 874 833; x_wconf 74' lang='lat' dir='ltr'>ssussnsnreums</span> <span class='ocrx_word' id='word_1_4' title='bbox 890 787 1079 833; x_wconf 68' lang='lat' dir='ltr'>snrsronn.</span> 
     </span>
    </p>
   </div>
   <div class='ocr_carea' id='block_1_2' title="bbox 293 1060 1225 1225">
    <p class='ocr_par' dir='ltr' id='par_1_2' title="bbox 293 1060 1225 1225">
     <span class='ocr_line' id='line_1_2' title="bbox 293 1060 1225 1125; baseline 0.002 -6"><span class='ocrx_word' id='word_1_5' title='bbox 293 1060 514 1124; x_wconf 73' lang='lat' dir='ltr'>EPISTULA</span> <span class='ocrx_word' id='word_1_6' title='bbox 539 1063 823 1125; x_wconf 65' lang='lat' dir='ltr'>efflui-so</span> <span class='ocrx_word' id='word_1_7' title='bbox 837 1079 990 1123; x_wconf 79' lang='lat' dir='ltr'>ruousu</span> <span class='ocrx_word' id='word_1_8' title='bbox 1010 1076 1225 1122; x_wconf 69' lang='lat' dir='ltr'>enmmsrruu</span> 
     </span>
     <span class='ocr_line' id='line_1_3' title="bbox 653 1181 865 1225; baseline -0.009 0"><span class='ocrx_word' id='word_1_9' title='bbox 653 1181 865 1225; x_wconf 67' lang='lat' dir='ltr'>cunienses.</span> 
     </span>
    </p>
   </div>
   <div class='ocr_carea' id='block_1_3' title="bbox 523 1321 1010 1403">
    <p class='ocr_par' dir='ltr' id='par_1_3' title="bbox 523 1321 1010 1403">
     <span class='ocr_line' id='line_1_4' title="bbox 523 1321 1010 1403; baseline -0.004 -19"><span class='ocrx_word' id='word_1_10' title='bbox 523 1323 648 1385; x_wconf 75' lang='lat' dir='ltr'>Tleornce</span> <span class='ocrx_word' id='word_1_11' title='bbox 664 1322 842 1403; x_wconf 69' lang='lat' dir='ltr'>Praeposito</span> <span class='ocrx_word' id='word_1_12' title='bbox 859 1321 1010 1385; x_wconf 68' lang='lat' dir='ltr'>cellensi.</span> 
     </span>
    </p>
   </div>
   <div class='ocr_carea' id='block_1_4' title="bbox 283 1452 1240 3068">
    <p class='ocr_par' dir='ltr' id='par_1_4' title="bbox 283 1452 1240 3068">
     <span class='ocr_line' id='line_1_5' title="bbox 326 1452 1234 1520; baseline 0.001 -3"><span class='ocrx_word' id='word_1_13' title='bbox 326 1457 538 1519; x_wconf 75' lang='lat' dir='ltr'>Suscneruus</span> <span class='ocrx_word' id='word_1_14' title='bbox 563 1455 638 1519; x_wconf 92' lang='lat' dir='ltr'>olim</span> <span class='ocrx_word' id='word_1_15' title='bbox 665 1454 852 1519; x_wconf 79' lang='lat' dir='ltr'>mundatum</span> <span class='ocrx_word' id='word_1_16' title='bbox 883 1452 989 1518; x_wconf 84' lang='lat' dir='ltr'>felicis</span> <span class='ocrx_word' id='word_1_17' title='bbox 1016 1454 1234 1520; x_wconf 73' lang='lat' dir='ltr'>reeordationis</span> 
     </span>
     <span class='ocr_line' id='line_1_6' title="bbox 283 1555 1236 1642; baseline 0.002 -23"><span class='ocrx_word' id='word_1_18' title='bbox 283 1578 376 1642; x_wconf 84' lang='lat' dir='ltr'><strong>papae</strong></span> <span class='ocrx_word' id='word_1_19' title='bbox 404 1558 553 1641; x_wconf 87' lang='lat' dir='ltr'>Eugenii‚</span> <span class='ocrx_word' id='word_1_20' title='bbox 577 1572 614 1622; x_wconf 91' lang='lat' dir='ltr'>ut</span> <span class='ocrx_word' id='word_1_21' title='bbox 639 1559 721 1621; x_wconf 82' lang='lat' dir='ltr'>inter</span> <span class='ocrx_word' id='word_1_22' title='bbox 743 1556 916 1620; x_wconf 79' lang='lat' dir='ltr'>monachos</span> <span class='ocrx_word' id='word_1_23' title='bbox 937 1555 980 1619; x_wconf 92' lang='lat' dir='ltr'>de</span> <span class='ocrx_word' id='word_1_24' title='bbox 1005 1555 1188 1633; x_wconf 78' lang='lat' dir='ltr'>Croiisnds,</span> <span class='ocrx_word' id='word_1_25' title='bbox 1208 1571 1236 1621; x_wconf 85' lang='lat' dir='ltr'>et</span> 
     </span>
     <span class='ocr_line' id='line_1_7' title="bbox 286 1658 1236 1746; baseline 0.003 -25"><span class='ocrx_word' id='word_1_26' title='bbox 286 1659 471 1723; x_wconf 87' lang='lat' dir='ltr'>Haldenum</span> <span class='ocrx_word' id='word_1_27' title='bbox 494 1660 655 1745; x_wconf 83' lang='lat' dir='ltr'><strong>quendam</strong></span> <span class='ocrx_word' id='word_1_28' title='bbox 677 1682 772 1746; x_wconf 87' lang='lat' dir='ltr'>super</span> <span class='ocrx_word' id='word_1_29' title='bbox 794 1658 926 1722; x_wconf 82' lang='lat' dir='ltr'>ecclesis</span> <span class='ocrx_word' id='word_1_30' title='bbox 945 1658 988 1722; x_wconf 87' lang='lat' dir='ltr'>de</span> <span class='ocrx_word' id='word_1_31' title='bbox 1012 1660 1236 1735; x_wconf 65' lang='lat' dir='ltr'>Sutertonmt</span> 
     </span>
     <span class='ocr_line' id='line_1_8' title="bbox 285 1759 1234 1847; baseline 0 -23"><span class='ocrx_word' id='word_1_32' title='bbox 285 1760 415 1826; x_wconf 86' lang='lat' dir='ltr'><strong>decimis</strong></span> <span class='ocrx_word' id='word_1_33' title='bbox 431 1762 622 1847; x_wconf 83' lang='lat' dir='ltr'>quibusdam</span> <span class='ocrx_word' id='word_1_34' title='bbox 634 1783 762 1826; x_wconf 79' lang='lat' dir='ltr'>causam</span> <span class='ocrx_word' id='word_1_35' title='bbox 774 1759 1007 1825; x_wconf 77' lang='lat' dir='ltr'>decideremus.</span> <span class='ocrx_word' id='word_1_36' title='bbox 1045 1761 1151 1844; x_wconf 80' lang='lat' dir='ltr'>igitur</span> <span class='ocrx_word' id='word_1_37' title='bbox 1159 1761 1234 1824; x_wconf 88' lang='lat' dir='ltr'>idem</span> 
     </span>
     <span class='ocr_line' id='line_1_9' title="bbox 287 1862 1237 1950; baseline 0.004 -26"><span class='ocrx_word' id='word_1_38' title='bbox 287 1862 472 1927; x_wconf 80' lang='lat' dir='ltr'>mandatum</span> <span class='ocrx_word' id='word_1_39' title='bbox 489 1875 682 1950; x_wconf 82' lang='lat' dir='ltr'>exequentes</span> <span class='ocrx_word' id='word_1_40' title='bbox 705 1885 801 1949; x_wconf 87' lang='lat' dir='ltr'>super</span> <span class='ocrx_word' id='word_1_41' title='bbox 815 1862 952 1947; x_wconf 80' lang='lat' dir='ltr'>praeiato</span> <span class='ocrx_word' id='word_1_42' title='bbox 971 1866 1115 1950; x_wconf 79' lang='lat' dir='ltr'>negotio,</span> <span class='ocrx_word' id='word_1_43' title='bbox 1128 1878 1159 1928; x_wconf 92' lang='lat' dir='ltr'>et</span> <span class='ocrx_word' id='word_1_44' title='bbox 1174 1863 1237 1928; x_wconf 87' lang='lat' dir='ltr'>dili·</span> 
     </span>
     <span class='ocr_line' id='line_1_10' title="bbox 285 1963 1236 2051; baseline 0.003 -24"><span class='ocrx_word' id='word_1_45' title='bbox 285 1977 396 2047; x_wconf 80' lang='lat' dir='ltr'>genter</span> <span class='ocrx_word' id='word_1_46' title='bbox 424 1980 662 2050; x_wconf 84' lang='lat' dir='ltr'>cognoscentes,</span> <span class='ocrx_word' id='word_1_47' title='bbox 688 1965 857 2051; x_wconf 81' lang='lat' dir='ltr'>praefutam</span> <span class='ocrx_word' id='word_1_48' title='bbox 887 1963 1054 2029; x_wconf 80' lang='lat' dir='ltr'>eeclesiam</span> <span class='ocrx_word' id='word_1_49' title='bbox 1086 1966 1236 2030; x_wconf 79' lang='lat' dir='ltr'>monachis</span> 
     </span>
     <span class='ocr_line' id='line_1_11' title="bbox 285 2064 1235 2153; baseline 0.005 -26"><span class='ocrx_word' id='word_1_50' title='bbox 285 2064 540 2150; x_wconf 84' lang='lat' dir='ltr'>adjudicavimus</span> <span class='ocrx_word' id='word_1_51' title='bbox 550 2089 622 2131; x_wconf 90' lang='lat' dir='ltr'>cum</span> <span class='ocrx_word' id='word_1_52' title='bbox 635 2067 814 2131; x_wconf 85' lang='lat' dir='ltr'>ablutorum</span> <span class='ocrx_word' id='word_1_53' title='bbox 828 2065 921 2151; x_wconf 88' lang='lat' dir='ltr'>plena</span> <span class='ocrx_word' id='word_1_54' title='bbox 936 2069 1156 2147; x_wconf 83' lang='lat' dir='ltr'>restitutione,</span> <span class='ocrx_word' id='word_1_55' title='bbox 1169 2090 1235 2153; x_wconf 73' lang='lat' dir='ltr'>que</span> 
     </span>
     <span class='ocr_line' id='line_1_12' title="bbox 286 2165 1236 2232; baseline 0.005 -5"><span class='ocrx_word' id='word_1_56' title='bbox 286 2165 326 2228; x_wconf 84' lang='lat' dir='ltr'>ad</span> <span class='ocrx_word' id='word_1_57' title='bbox 343 2166 582 2229; x_wconf 75' lang='lat' dir='ltr'>aestimationem</span> <span class='ocrx_word' id='word_1_58' title='bbox 595 2190 638 2230; x_wconf 84' lang='lat' dir='ltr'>xv</span> <span class='ocrx_word' id='word_1_59' title='bbox 649 2190 828 2231; x_wconf 85' lang='lat' dir='ltr'>marcarum</span> <span class='ocrx_word' id='word_1_60' title='bbox 838 2168 901 2231; x_wconf 78' lang='lat' dir='ltr'>fuit</span> <span class='ocrx_word' id='word_1_61' title='bbox 912 2166 1105 2231; x_wconf 89' lang='lat' dir='ltr'>idoneorum</span> <span class='ocrx_word' id='word_1_62' title='bbox 1117 2171 1236 2232; x_wconf 85' lang='lat' dir='ltr'>testium</span> 
     </span>
     <span class='ocr_line' id='line_1_13' title="bbox 288 2268 1238 2355; baseline 0.005 -26"><span class='ocrx_word' id='word_1_63' title='bbox 288 2281 482 2330; x_wconf 80' lang='lat' dir='ltr'>sacramento</span> <span class='ocrx_word' id='word_1_64' title='bbox 508 2270 649 2353; x_wconf 80' lang='lat' dir='ltr'>probum.</span> <span class='ocrx_word' id='word_1_65' title='bbox 698 2268 866 2332; x_wconf 82' lang='lat' dir='ltr'>Moneohis</span> <span class='ocrx_word' id='word_1_66' title='bbox 892 2290 971 2353; x_wconf 83' lang='lat' dir='ltr'>ergo</span> <span class='ocrx_word' id='word_1_67' title='bbox 990 2268 1178 2355; x_wconf 78' lang='lat' dir='ltr'>frequenter</span> <span class='ocrx_word' id='word_1_68' title='bbox 1196 2291 1238 2334; x_wconf 84' lang='lat' dir='ltr'>re·</span> 
     </span>
     <span class='ocr_line' id='line_1_14' title="bbox 287 2368 1238 2458; baseline 0.003 -26"><span class='ocrx_word' id='word_1_69' title='bbox 287 2368 485 2433; x_wconf 87' lang='lat' dir='ltr'>stitutionem</span> <span class='ocrx_word' id='word_1_70' title='bbox 507 2371 720 2456; x_wconf 86' lang='lat' dir='ltr'>exigentibus,</span> <span class='ocrx_word' id='word_1_71' title='bbox 741 2385 774 2436; x_wconf 89' lang='lat' dir='ltr'>et</span> <span class='ocrx_word' id='word_1_72' title='bbox 794 2371 919 2435; x_wconf 81' lang='lat' dir='ltr'>easdem</span> <span class='ocrx_word' id='word_1_73' title='bbox 943 2370 1087 2437; x_wconf 76' lang='lat' dir='ltr'>decimes</span> <span class='ocrx_word' id='word_1_74' title='bbox 1108 2372 1141 2435; x_wconf 89' lang='lat' dir='ltr'>in</span> <span class='ocrx_word' id='word_1_75' title='bbox 1166 2394 1238 2458; x_wconf 76' lang='lat' dir='ltr'>pre·</span> 
     </span>
     <span class='ocr_line' id='line_1_15' title="bbox 289 2469 1240 2549; baseline 0.004 -16"><span class='ocrx_word' id='word_1_76' title='bbox 289 2471 390 2534; x_wconf 85' lang='lat' dir='ltr'>sentia</span> <span class='ocrx_word' id='word_1_77' title='bbox 403 2469 526 2535; x_wconf 91' lang='lat' dir='ltr'>domini</span> <span class='ocrx_word' id='word_1_78' title='bbox 540 2471 779 2549; x_wconf 57' lang='lat' dir='ltr'>Lincolniensin</span> <span class='ocrx_word' id='word_1_79' title='bbox 796 2471 924 2538; x_wconf 81' lang='lat' dir='ltr'>tandem</span> <span class='ocrx_word' id='word_1_80' title='bbox 939 2471 1113 2537; x_wconf 84' lang='lat' dir='ltr'>Haldenus</span> <span class='ocrx_word' id='word_1_81' title='bbox 1123 2472 1164 2536; x_wconf 83' lang='lat' dir='ltr'>ed</span> <span class='ocrx_word' id='word_1_82' title='bbox 1178 2495 1240 2537; x_wconf 85' lang='lat' dir='ltr'>nos·</span> 
     </span>
     <span class='ocr_line' id='line_1_16' title="bbox 291 2573 1239 2663; baseline 0.002 -27"><span class='ocrx_word' id='word_1_83' title='bbox 291 2590 372 2637; x_wconf 84' lang='lat' dir='ltr'>trem</span> <span class='ocrx_word' id='word_1_84' title='bbox 397 2573 590 2638; x_wconf 78' lang='lat' dir='ltr'>audientiam</span> <span class='ocrx_word' id='word_1_85' title='bbox 613 2575 798 2661; x_wconf 80' lang='lat' dir='ltr'>appellavit,</span> <span class='ocrx_word' id='word_1_86' title='bbox 820 2597 989 2661; x_wconf 84' lang='lat' dir='ltr'>quumque</span> <span class='ocrx_word' id='word_1_87' title='bbox 1011 2576 1117 2640; x_wconf 76' lang='lat' dir='ltr'>ambre</span> <span class='ocrx_word' id='word_1_88' title='bbox 1142 2589 1239 2663; x_wconf 77' lang='lat' dir='ltr'>portes</span> 
     </span>
     <span class='ocr_line' id='line_1_17' title="bbox 291 2675 1238 2763; baseline -0.001 -23"><span class='ocrx_word' id='word_1_89' title='bbox 291 2690 364 2740; x_wconf 87' lang='lat' dir='ltr'>ante</span> <span class='ocrx_word' id='word_1_90' title='bbox 388 2699 446 2739; x_wconf 88' lang='lat' dir='ltr'>nos</span> <span class='ocrx_word' id='word_1_91' title='bbox 471 2679 689 2754; x_wconf 84' lang='lat' dir='ltr'>consisterent,</span> <span class='ocrx_word' id='word_1_92' title='bbox 715 2677 813 2763; x_wconf 86' lang='lat' dir='ltr'>coepit</span> <span class='ocrx_word' id='word_1_93' title='bbox 840 2675 1011 2741; x_wconf 82' lang='lat' dir='ltr'>Hsldenus</span> <span class='ocrx_word' id='word_1_94' title='bbox 1036 2700 1165 2742; x_wconf 80' lang='lat' dir='ltr'>causam</span> <span class='ocrx_word' id='word_1_95' title='bbox 1189 2677 1238 2741; x_wconf 90' lang='lat' dir='ltr'>diu</span> 
     </span>
     <span class='ocr_line' id='line_1_18' title="bbox 292 2778 1239 2864; baseline 0.001 -22"><span class='ocrx_word' id='word_1_96' title='bbox 292 2779 452 2843; x_wconf 83' lang='lat' dir='ltr'>definitam</span> <span class='ocrx_word' id='word_1_97' title='bbox 469 2801 565 2864; x_wconf 88' lang='lat' dir='ltr'>super</span> <span class='ocrx_word' id='word_1_98' title='bbox 579 2778 709 2843; x_wconf 84' lang='lat' dir='ltr'>ecclesie</span> <span class='ocrx_word' id='word_1_99' title='bbox 725 2782 897 2844; x_wconf 82' lang='lat' dir='ltr'>Sutertona</span> <span class='ocrx_word' id='word_1_100' title='bbox 912 2778 1104 2846; x_wconf 82' lang='lat' dir='ltr'>instaurare.</span> <span class='ocrx_word' id='word_1_101' title='bbox 1150 2785 1239 2846; x_wconf 89' lang='lat' dir='ltr'>Porro</span> 
     </span>
     <span class='ocr_line' id='line_1_19' title="bbox 292 2880 1237 2967; baseline -0.002 -22"><span class='ocrx_word' id='word_1_102' title='bbox 292 2902 392 2967; x_wconf 92' lang='lat' dir='ltr'>quum</span> <span class='ocrx_word' id='word_1_103' title='bbox 424 2881 566 2944; x_wconf 85' lang='lat' dir='ltr'>monachi</span> <span class='ocrx_word' id='word_1_104' title='bbox 597 2880 629 2943; x_wconf 91' lang='lat' dir='ltr'>iu</span> <span class='ocrx_word' id='word_1_105' title='bbox 660 2880 812 2965; x_wconf 84' lang='lat' dir='ltr'>petitione</span> <span class='ocrx_word' id='word_1_106' title='bbox 841 2902 899 2943; x_wconf 82' lang='lat' dir='ltr'>sua</span> <span class='ocrx_word' id='word_1_107' title='bbox 928 2895 1181 2965; x_wconf 73' lang='lat' dir='ltr'>perseverarent,</span> <span class='ocrx_word' id='word_1_108' title='bbox 1200 2903 1237 2945; x_wconf 79' lang='lat' dir='ltr'>xv</span> 
     </span>
     <span class='ocr_line' id='line_1_20' title="bbox 294 2980 1240 3068; baseline 0 -21"><span class='ocrx_word' id='word_1_109' title='bbox 294 3008 414 3050; x_wconf 81' lang='lat' dir='ltr'>marcas</span> <span class='ocrx_word' id='word_1_110' title='bbox 429 2984 489 3048; x_wconf 88' lang='lat' dir='ltr'>sibi</span> <span class='ocrx_word' id='word_1_111' title='bbox 509 2983 706 3068; x_wconf 81' lang='lat' dir='ltr'>adjudicatas</span> <span class='ocrx_word' id='word_1_112' title='bbox 723 3003 796 3045; x_wconf 90' lang='lat' dir='ltr'>cum</span> <span class='ocrx_word' id='word_1_113' title='bbox 815 2980 1013 3067; x_wconf 81' lang='lat' dir='ltr'>quibusdam</span> <span class='ocrx_word' id='word_1_114' title='bbox 1035 2982 1168 3047; x_wconf 87' lang='lat' dir='ltr'>decimis</span> <span class='ocrx_word' id='word_1_115' title='bbox 1185 2987 1240 3047; x_wconf 84' lang='lat' dir='ltr'>exi·</span> 
     </span>
    </p>
   </div>
   <div class='ocr_carea' id='block_1_5' title="bbox 293 3080 1241 3274">
    <p class='ocr_par' dir='ltr' id='par_1_5' title="bbox 293 3080 1241 3274">
     <span class='ocr_line' id='line_1_21' title="bbox 293 3080 1241 3172; baseline -0.002 -24"><span class='ocrx_word' id='word_1_116' title='bbox 293 3101 414 3172; x_wconf 87' lang='lat' dir='ltr'>gentes,</span> <span class='ocrx_word' id='word_1_117' title='bbox 429 3084 606 3161; x_wconf 88' lang='lat' dir='ltr'>Haldenus,</span> <span class='ocrx_word' id='word_1_118' title='bbox 621 3105 761 3147; x_wconf 85' lang='lat' dir='ltr'>asserens</span> <span class='ocrx_word' id='word_1_119' title='bbox 776 3103 882 3145; x_wconf 89' lang='lat' dir='ltr'>senon</span> <span class='ocrx_word' id='word_1_120' title='bbox 897 3080 1016 3146; x_wconf 86' lang='lat' dir='ltr'>debere</span> <span class='ocrx_word' id='word_1_121' title='bbox 1031 3105 1130 3169; x_wconf 87' lang='lat' dir='ltr'>super</span> <span class='ocrx_word' id='word_1_122' title='bbox 1141 3084 1188 3148; x_wconf 91' lang='lat' dir='ltr'>his</span> <span class='ocrx_word' id='word_1_123' title='bbox 1201 3106 1241 3146; x_wconf 85' lang='lat' dir='ltr'>re-</span> 
     </span>
     <span class='ocr_line' id='line_1_22' title="bbox 295 3185 1240 3274; baseline -0.003 -22"><span class='ocrx_word' id='word_1_124' title='bbox 295 3188 461 3272; x_wconf 83' lang='lat' dir='ltr'>spondere,</span> <span class='ocrx_word' id='word_1_125' title='bbox 476 3188 516 3250; x_wconf 85' lang='lat' dir='ltr'>ad</span> <span class='ocrx_word' id='word_1_126' title='bbox 533 3187 727 3251; x_wconf 80' lang='lat' dir='ltr'>audientiam</span> <span class='ocrx_word' id='word_1_127' title='bbox 751 3186 834 3250; x_wconf 88' lang='lat' dir='ltr'>sedis</span> <span class='ocrx_word' id='word_1_128' title='bbox 857 3185 1044 3273; x_wconf 69' lang='lat' dir='ltr'>spostolicae</span> <span class='ocrx_word' id='word_1_129' title='bbox 1067 3187 1240 3274; x_wconf 75' lang='lat' dir='ltr'>appellavit,</span> 
     </span>
    </p>
   </div>
   <div class='ocr_carea' id='block_1_6' title="bbox 294 3288 1239 3471">
    <p class='ocr_par' dir='ltr' id='par_1_6' title="bbox 294 3288 1239 3471">
     <span class='ocr_line' id='line_1_23' title="bbox 294 3288 1239 3374; baseline 0.002 -23"><span class='ocrx_word' id='word_1_130' title='bbox 294 3291 377 3351; x_wconf 89' lang='lat' dir='ltr'>diem</span> <span class='ocrx_word' id='word_1_131' title='bbox 410 3288 575 3373; x_wconf 82' lang='lat' dir='ltr'>praefigens</span> <span class='ocrx_word' id='word_1_132' title='bbox 608 3289 802 3354; x_wconf 80' lang='lat' dir='ltr'>Dominicam</span> <span class='ocrx_word' id='word_1_133' title='bbox 834 3311 898 3374; x_wconf 79' lang='lat' dir='ltr'>qus</span> <span class='ocrx_word' id='word_1_134' title='bbox 926 3288 1111 3354; x_wconf 79' lang='lat' dir='ltr'>cantabitur</span> <span class='ocrx_word' id='word_1_135' title='bbox 1149 3290 1239 3364; x_wconf 74' lang='lat' dir='ltr'>Quasi</span> 
     </span>
     <span class='ocr_line' id='line_1_24' title="bbox 297 3394 509 3471; baseline -0.005 -18"><span class='ocrx_word' id='word_1_136' title='bbox 297 3394 387 3454; x_wconf 66' lang='lat' dir='ltr'>ruodo</span> <span class='ocrx_word' id='word_1_137' title='bbox 396 3394 509 3471; x_wconf 77' lang='lat' dir='ltr'>geniti.</span> 
     </span>
    </p>
   </div>
   <div class='ocr_carea' id='block_1_7' title="bbox 0 0 1551 5500">
    <p class='ocr_par' dir='ltr' id='par_1_7' title="bbox 0 0 1551 5500">
     <span class='ocr_line' id='line_1_25' title="bbox 0 0 1551 5500; baseline 0 0"><span class='ocrx_word' id='word_1_138' title='bbox 0 0 1551 5500; x_wconf 95' lang='lat' dir='ltr'> </span> 
     </span>
    </p>
   </div>
  </div>
 </body>
</html>
