3034 5500
283 767 350 826 832
540 775 676 822 scaurus
691 771 966 818 sanasnusrsnsrs
1147 757 1190 837 [a.
1206 777 1233 822 o.

283 932 437 1016 sequitur,
457 927 515 993 sed
536 929 569 991 iu
594 928 741 1012 aequitate
759 925 921 1011 judicabit
942 929 1055 991 orbem
1079 937 1237 1005 terrarum,

282 1041 315 1096 et
342 1053 400 1116 pro
428 1031 604 1094 mansuetis
634 1027 855 1092 condemnans
884 1027 1015 1108 impios,
1043 1029 1235 1109 potentiores

281 1132 444 1215 potentius
464 1131 567 1215 punit,
582 1138 616 1192 et
637 1129 828 1212 pervertitur
849 1147 922 1190 cum
945 1129 1114 1210 perversis
1159 1127 1236 1192 Inde

281 1244 340 1308 est,
351 1231 438 1316 quod
454 1231 657 1295 affectuosius
672 1238 759 1312 peto,
775 1240 934 1311 quatenus
949 1227 1238 1308 instantius-agatis

282 1333 370 1418 quod
392 1333 499 1414 agitis,
521 1331 671 1405 dicendo,
694 1328 879 1404 scribendo,
901 1328 1064 1406 faciendo,
1087 1328 1174 1412 quod
1196 1328 1235 1392 ad

283 1434 526 1500 evacuationem
557 1432 737 1496 schismatis
766 1453 823 1515 per
854 1431 1004 1493 collatam
1034 1429 1235 1513 vobissapi·

281 1536 440 1599 entiama
462 1535 603 1599 Domino
626 1531 839 1614 cognoveritis
861 1531 1030 1613 pertinere,
1051 1541 1088 1593 ut
1110 1540 1144 1593 et
1163 1552 1236 1593 con·

282 1637 419 1701 scientia
440 1637 482 1700 sit
508 1638 605 1699 tutior
626 1634 712 1719 apud
742 1635 861 1711 Deum,
883 1644 916 1695 et
940 1631 1028 1715 apud
1056 1632 1236 1715 proximum

283 1739 368 1802 sama
382 1738 567 1823 plenissime
583 1737 797 1801 convalescat.

327 1840 378 1902 Dc
404 1846 521 1901 caetcro
545 1835 593 1914 (ut
615 1858 657 1898 ex
682 1833 881 1899 conscientia
902 1834 1027 1917 loquar)
1053 1833 1094 1896 de
1118 1832 1235 1897 Canta·

283 1939 402 2003 ariensi
416 1948 448 2003 et
462 1939 528 2001 suis
544 1937 694 2023 injustam
712 1933 891 2017 concepisti
906 1934 1143 2017 suspicionem:
1165 1935 1237 2018 quia

283 2041 449 2125 (quantum
480 2038 678 2123 perpendere
708 2037 812 2120 potui)
843 2046 875 2099 et
905 2034 945 2098 de
969 2037 1027 2098 illo
1053 2044 1087 2098 et
1112 2035 1153 2100 de
1178 2036 1237 2099 illis

283 2143 413 2224 plenam
427 2141 458 2202 in
481 2142 613 2203 caritate
636 2139 762 2201 debetis
784 2137 927 2199 obtinere
952 2135 1117 2200 fiduciam.
1163 2139 1234 2200 Nou

282 2260 357 2322 ergo
379 2240 442 2301 illis
466 2239 630 2319 imputetis
652 2236 908 2318 indignationem
932 2239 1015 2321 regis
1037 2239 1236 2315 Francorum,

282 2341 339 2405 sed
362 2340 465 2418 vobis,
488 2339 545 2422 qui
571 2339 640 2402 sine
667 2338 871 2402 conscientia
897 2341 966 2421 ejus
991 2339 1179 2417 recessistis,
1204 2351 1236 2401 ut

283 2440 499 2524 conqueritur,
520 2439 592 2522 ipso
614 2458 714 2522 prope
736 2438 904 2501 transitum
920 2451 1056 2503 restrum
1082 2440 1236 2504 existente

281 2539 323 2604 ad
337 2540 418 2604 duas
432 2540 553 2621 leugas.
590 2540 705 2623 quue
722 2539 824 2621 magis
839 2551 945 2603 motus
960 2550 1019 2618 est,
1034 2541 1123 2626 quod
1140 2562 1235 2625 quum

282 2664 340 2707 vos
355 2642 503 2706 habuerit
524 2641 814 2718 familiarissimum,
830 2641 878 2704 sic
901 2642 1060 2706 transistis
1082 2644 1173 2727 quasi
1195 2641 1235 2705 ad

284 2746 417 2810 oemulos
445 2744 534 2825 regni
560 2744 766 2821 Francorum,
791 2753 823 2806 et
844 2742 1033 2808 nominatim
1062 2743 1105 2808 ad
1135 2744 1232 2808 soliis

282 2847 435 2910 maticum
452 2845 690 2922 coloniensem,
706 2844 760 2927 qui
775 2864 839 2906 non
854 2842 951 2906 modo
972 2845 1157 2909 Ecclesiam
1172 2841 1233 2907 Dei

282 2947 494 3031 persequitur,
525 2945 582 3009 sed
619 2954 652 3007 et
680 2945 798 3028 ipsum,
828 2958 864 3008 ut
893 2944 1027 3022 audivit,
1056 2947 1235 3029 impudenti

282 3048 472 3111 scurrilitate
498 3049 665 3110 verborum
692 3044 857 3109 consuevit
883 3048 1029 3127 regulum
1053 3049 1233 3130 appellare:

282 3147 351 3225 sed,
366 3170 464 3232 quum
481 3148 571 3211 robis
586 3147 620 3209 id
637 3146 725 3211 cordi
741 3147 844 3225 suerit,
855 3147 1086 3228 benignitatem
1103 3148 1233 3215 Christi·

282 3246 424 3313 anissimi
440 3249 597 3332 principis
613 3249 705 3311 vobis
720 3238 912 3331 placabilem
928 3248 994 3315 iore
1010 3273 1076 3315 uon
1093 3251 1213 3318 dubito.

280 3560 502 3624 EPISTOLA
525 3559 716 3737 cxc-[in
732 3583 812 3628 uun.
831 3582 1021 3628 waurasuu
1039 3585 1082 3629 ns
1099 3581 1223 3629 insunt,

669 3679 738 3724 an.
758 3664 868 3744 1166]

487 3810 649 3891 Magistro
667 3812 823 3878 Gualtero
838 3816 876 3878 de
891 3818 1018 3880 [aruh.

322 3951 580 4014 Praenstinum
606 3951 739 4035 quidem
766 3954 975 4019 humanitatis
997 3969 1114 4022 vestrae
1144 3956 1234 4021 sedu-

278 4050 361 4125 litas,
399 4060 431 4111 ct
471 4048 627 4114 exhibitio
664 4053 909 4140 promptissimae
946 4055 1159 4135 liberalitatis,
1197 4070 1232 4120 ut

278 4173 402 4216 omnem
418 4149 509 4214 vobis
532 4164 588 4216 aut
605 4155 718 4219 vestris
739 4157 938 4242 obsequendi
959 4161 1230 4244 opportunitatem

278 4265 438 4337 gratanter
453 4253 638 4340 arriperem:
662 4271 703 4338 et,
717 4257 742 4322 si
754 4258 817 4321 alio
831 4259 928 4322 modo
943 4282 1112 4345 nequeam,
1126 4261 1233 4327 saltem

277 4355 455 4422 devotionis
470 4379 547 4421 mcae
571 4360 781 4424 sinceritatem
805 4358 1007 4425 salutationis
1024 4362 1149 4447 judicio
1165 4385 1234 4448 pro
