3034 5500
288 747 348 812 174
546 762 683 807 sossius
699 761 978 806 saumuamaums
1153 744 1197 824 [a.
1212 764 1237 810 n.

284 938 391 1002 preces
407 926 520 978 vestrae
535 913 728 1000 porrigimus
744 913 914 998 majestati,
930 925 1057 998 quanta
1078 935 1238 998 possumus

283 1016 451 1082 devotione
484 1015 709 1102 supplicantes,
741 1028 777 1079 ut
814 1037 923 1079 eorum
959 1016 1055 1100 justa
1093 1014 1240 1081 desideria

283 1118 477 1205 compleatis,
504 1131 541 1181 ut
567 1116 657 1181 exitu
684 1117 885 1201 negotiorum
911 1116 999 1182 facili
1024 1130 1058 1182 et
1082 1117 1170 1182 felici
1192 1139 1239 1181 ex·

282 1220 419 1299 hilarati,
436 1220 604 1304 utriusque
619 1218 694 1281 vitae
709 1240 873 1283 successus
894 1217 987 1282 robis
1004 1218 1238 1302 praecordialius

282 1322 431 1387 studeant
447 1321 488 1387 ab
506 1320 671 1384 Altissimo
687 1320 868 1407 promereri.
916 1321 1009 1384 Inter
1025 1335 1143 1386 caetera
1157 1321 1237 1386 milet

282 1424 413 1512 quidam
439 1421 615 1499 ecclesiam,
643 1444 740 1509 quam
764 1421 798 1485 xl
825 1423 915 1487 annis
942 1422 1134 1488 inconcusse
1156 1438 1239 1490 tenu·

280 1538 385 1604 erunt,
401 1525 446 1589 eis
461 1524 592 1589 molitur
615 1525 741 1589 auferre
755 1525 817 1589 sub
840 1537 1005 1610 praetextu
1029 1525 1239 1592 advocationis

283 1652 380 1717 quam
395 1627 548 1691 adversus
562 1626 722 1690 ecclesiam
740 1627 803 1689 Dei
819 1625 890 1690 laici
913 1626 1003 1714 apud
1020 1650 1079 1692 nos
1091 1628 1237 1714 pernicio

284 1730 407 1795 sissima
439 1727 616 1792 vendicant.
674 1727 866 1793 Trahuntur
900 1729 944 1794 ob
974 1729 1038 1793 hoc
1069 1730 1113 1794 ad
1142 1729 1238 1794 sedem

281 1833 501 1919 apostolicam,
516 1855 553 1894 ac
568 1832 594 1894 si
616 1844 743 1918 possent
765 1830 840 1896 inde
862 1831 1060 1918 injuriarum
1082 1846 1236 1917 reportare

282 1935 470 2009 molestiam,
483 1934 538 1997 ubi
545 1936 622 2019 jura
634 1946 816 1999 nascuntur.
858 1934 935 2014 Sed,
947 1947 1081 1999 auctore
1094 1935 1236 2008 Domino,

282 2051 465 2101 sanctorum
481 2036 680 2100 decessorum
694 2049 872 2100 vestrorum
884 2038 1030 2122 vestigiis
1046 2036 1238 2112 inhaerendo,

281 2137 327 2202 itu
343 2138 439 2203 unius
455 2136 665 2201 temeritatem
681 2137 870 2214 retundetis,
886 2153 923 2203 ut
939 2141 1013 2226 ejus
1028 2139 1176 2226 exemplu
1188 2138 1236 2204 alii

281 2241 430 2303 instructi
446 2238 487 2303 ad
504 2237 620 2302 similia
634 2260 838 2326 nequaquam
854 2239 996 2306 audeaut
1011 2242 1166 2328 aspirare.

430 2552 653 2617 EPISTOLA
677 2553 828 2617 CXXVI.
836 2573 924 2617 -au
940 2572 1101 2620 uuunuu.

529 2705 672 2770 Domino
687 2707 791 2789 Papae
802 2657 1001 2773 Aleoundro.

325 2847 348 2910 J
353 2865 438 2911 uxta
453 2841 631 2907 sanctitatis
646 2854 761 2907 vestrae
777 2841 976 2923 mandatum,
986 2844 1129 2909 nobilem
1141 2845 1234 2911 virum

285 2953 456 3035 Hugonem
483 2945 524 3010 de
550 2947 679 3009 Dovera
704 2944 875 3029 diligenter
911 2948 1181 3026 commonuimus,
1202 2963 1235 3014 ut

282 3049 444 3115 monachis
455 3045 555 3111 sancti
572 3046 691 3110 Bertiui
706 3046 868 3111 ecclesiam
879 3046 921 3112 de
936 3048 1134 3131 Chilleham,
1145 3073 1235 3138 quam

282 3152 324 3216 ud
342 3154 398 3236 jus
420 3148 601 3213 monasterii
625 3148 683 3229 sui,
699 3163 736 3213 ut
758 3147 919 3226 dicebant,
935 3152 1166 3235 pertinentem,
1180 3153 1234 3218 sibi

282 3251 447 3327 violenter,
474 3264 506 3314 et
536 3252 658 3336 absque
684 3250 809 3337 judicio
839 3252 1060 3336 querebantur
1091 3256 1235 3330 ablatam,

281 3353 472 3418 restitueret.
497 3351 558 3416 Ille
573 3364 680 3417 autem
696 3376 729 3417 se
744 3352 902 3418 mandatis
916 3356 1114 3438 apostolicis,
1128 3371 1161 3421 et
1173 3357 1236 3442 juri

280 3454 424 3543 promisit
450 3453 654 3520 devotissime
682 3479 738 3541 per
764 3455 872 3519 omnia
896 3456 1099 3542 pariturum:
1130 3481 1234 3522 verum

282 3559 454 3624 falsitatem
476 3580 620 3643 precum,
636 3580 718 3644 quas
736 3557 830 3621 vobis
852 3558 997 3623 monachi
1022 3574 1235 3643 porrexerant,

281 3664 314 3725 in
327 3658 436 3724 multis
451 3658 616 3743 arguebat.
662 3658 771 3723 Primo
785 3657 916 3743 quidem
934 3658 1126 3744 jamdictam
1142 3660 1235 3725 eccle-

280 3763 357 3827 siam
374 3761 414 3828 ad
434 3762 491 3848 jus
508 3759 691 3824 monasterii
710 3781 775 3823 non
795 3760 955 3845 pertinere
975 3762 1126 3841 asseruit,
1142 3785 1232 3850 quam

279 3886 443 3951 nunquam
468 3863 576 3948 ipsius,
599 3861 647 3925 vel
670 3861 806 3948 alicujus
821 3861 1092 3949 praedecessorum
1110 3886 1233 3931 suorum

280 3987 408 4031 assensu
431 3964 621 4040 habuerant,
638 3963 813 4048 prasertim
828 3986 930 4049 quum
946 3986 1009 4028 non
1035 3967 1232 4041 assentiente,

279 4066 397 4130 nedum
428 4065 604 4131 reluctante
634 4063 805 4130 fundatore
828 4078 931 4129 status
956 4064 1100 4131 ecclesiae
1123 4068 1232 4131 muori

280 4190 342 4234 non
366 4169 477 4254 possit,
499 4181 556 4231 aut
579 4167 694 4252 subjici
717 4167 874 4231 servituti.
919 4167 1046 4231 Deinde
1068 4168 1234 4233 monachus

279 4293 442 4358 nunquam
455 4292 512 4333 suu
523 4269 649 4333 nomine
665 4269 838 4357 possedisse
850 4269 987 4348 dicebat,
999 4272 1056 4335 sed
1068 4270 1230 4357 cujusdam

280 4373 415 4458 Odonis,
430 4394 524 4457 quem
543 4370 772 4436 famosissimus
793 4371 848 4436 illc
869 4384 1027 4456 tyrannus
1044 4386 1077 4437 et
1098 4372 1230 4437 eoetaiae
