3034 5500
279 747 337 803 178
531 756 665 800 Joruurs
680 749 963 799 saansssaruusrs
1136 733 1179 812 [r.
1194 751 1220 794 n.

275 995 494 1058 EPISTOLA
517 993 1223 1058 efflui-mmmmmamssorw.

639 1096 725 1166 [Am.
747 1090 858 1170 trau]

557 1226 717 1308 Dpriaocpo
732 1223 946 1287 Norwiocnai.

322 1347 476 1407 Nuurros
501 1356 626 1406 nostros
650 1365 668 1404 a
693 1339 822 1404 domiuo
848 1362 924 1423 rege
948 1338 1122 1402 redeuntes
1146 1361 1226 1401 sanos

280 1444 466 1528 recepimus,
490 1442 711 1529 promittentes
736 1440 767 1503 in
798 1438 940 1502 adventu
968 1439 1067 1524 regis,
1093 1452 1225 1523 optatum

280 1543 488 1631 petitionibus
504 1544 617 1609 nostris
632 1543 788 1607 effectum.
837 1542 875 1605 In
890 1540 1044 1606 omnibus
1058 1545 1143 1606 euim
1162 1564 1226 1604 oon-

281 1646 351 1709 silio
376 1645 496 1710 domini
523 1640 748 1729 archiepiscopi
775 1639 974 1726 adquiescet,
998 1655 1031 1703 et
1058 1640 1181 1717 honori,
1199 1656 1227 1705 et

282 1745 416 1813 utilitati
430 1747 567 1812 ecclesiae
583 1759 650 1810 tota
666 1741 781 1807 mentis
795 1742 973 1806 intentione
992 1741 1167 1808 studiosius
1186 1745 1227 1809 in·

281 1848 437 1934 vigilabit.
483 1853 601 1913 Verum
629 1844 753 1910 interim
782 1843 964 1928 scutagium
988 1844 1152 1910 remittere
1173 1869 1227 1909 non

281 1964 397 2034 potest,
413 1964 445 2015 et
467 1974 486 2013 a
508 1947 702 2037 quibusdam
717 1945 937 2010 exactionibus
960 1945 1135 2025 abstinere,
1157 1972 1228 2034 quo·

280 2052 364 2113 niam
381 2051 489 2115 fratris
510 2050 615 2135 gratia
638 2048 719 2112 male
742 2061 828 2113 sarta
845 2045 1064 2132 nequicquam
1080 2049 1165 2125 coiit,
1180 2049 1226 2114 sed

279 2151 322 2216 ob
345 2151 403 2213 boc
426 2149 686 2236 perniciosissime
709 2150 806 2212 scissa
827 2161 886 2227 est,
902 2148 991 2233 quod
1015 2149 1147 2214 domino
1168 2152 1226 2237 regi

279 2252 379 2315 frater
401 2267 499 2317 totam
523 2251 742 2316 haereditatem
767 2264 942 2337 paternam,
964 2253 1153 2317 nominatim
1176 2270 1229 2318 ter·

279 2377 359 2430 ram,
374 2357 467 2440 cujus
481 2356 509 2418 ei
532 2354 758 2441 possessionem
777 2353 823 2417 vis
846 2354 947 2438 major
970 2354 1120 2432 abstulit,
1136 2356 1229 2421 noluit

281 2455 438 2541 abjurare,
448 2479 549 2541 quum
563 2470 667 2519 tamen
682 2454 874 2519 munitiones
883 2465 916 2516 et
925 2454 996 2539 regi
1004 2455 1130 2534 cedere,
1139 2471 1170 2521 et
1179 2457 1230 2522 ob

282 2557 365 2621 sides
379 2557 455 2620 dare
472 2571 603 2642 paratus
618 2567 712 2633 esset,
728 2567 765 2619 ut
781 2567 898 2618 terram
915 2575 1013 2638 quam
1030 2554 1117 2620 dono
1140 2560 1231 2644 patris

281 2657 447 2739 habuerat,
477 2670 688 2744 recuperaret.
746 2655 915 2719 Proiectus
944 2677 1024 2741 ergo
1054 2658 1096 2722 ad
1132 2681 1228 2745 regem

284 2761 493 2839 Francorum,
505 2760 629 2827 comitis
642 2755 823 2824 Theobaldi
835 2757 938 2821 fretus
953 2759 1088 2839 auxilio,
1102 2762 1231 2826 Francos

283 2865 473 2930 sollicitatio
490 2862 655 2950 dispendia
669 2878 789 2933 nostra,
800 2874 831 2924 ct
842 2859 978 2947 jugulos
989 2884 1103 2927 eorum
1119 2863 1231 2929 divitiis

283 2968 412 3044 nostris,
428 2967 561 3043 viribus,
581 2983 613 3029 et
639 2966 790 3050 potestati
815 2974 917 3027 tentat
942 2985 1118 3049 opponere.
1162 2966 1231 3050 Agit

282 3068 366 3133 forte
383 3081 419 3133 ut
430 3069 479 3133 vel
495 3073 537 3135 sic
552 3070 681 3134 fortuna
696 3068 798 3155 possit
812 3066 943 3151 gravius
959 3070 1146 3151 promereri,
1158 3094 1231 3158 quo·

283 3168 378 3232 modo
392 3191 498 3253 regem
522 3183 554 3234 et
576 3181 702 3253 gentem
725 3168 933 3245 Francorum,
948 3161 1078 3233 favente
1100 3170 1231 3254 justitia,

282 3268 336 3331 det
353 3272 385 3332 in
403 3270 548 3334 manibus
564 3273 688 3336 nostris.
733 3265 944 3355 Implebimus
958 3266 991 3330 in
1007 3292 1047 3331 eo
1062 3292 1230 3337 mensuram

282 3384 410 3455 patrum
426 3387 620 3451 nostrorum,
637 3374 661 3437 si
681 3387 785 3437 tamen
807 3394 918 3434 eorum
940 3383 1026 3435 sorte
1043 3371 1231 3439 voluerimus

281 3494 347 3535 esse
371 3475 521 3539 contenti.
570 3476 632 3539 Sed
659 3476 802 3561 profecto
828 3474 932 3559 majus
958 3487 1008 3538 cst
1034 3477 1124 3562 quod
1147 3478 1232 3542 nobis

282 3574 428 3641 restituto
444 3581 589 3641 Vernonc
612 3576 742 3641 fortuna
764 3574 935 3662 promittit.
984 3578 1157 3663 Speratum
1171 3579 1229 3644 col·

281 3678 425 3765 loquium
452 3680 542 3743 nobis
565 3681 795 3745 subtraxerunt
820 3678 933 3743 Franci
958 3680 1092 3746 consilio
1113 3681 1230 3746 comitis

284 3779 474 3846 Theobaldi.
520 3782 677 3845 Dominus
698 3804 752 3845 rex
777 3782 817 3845 ab
837 3779 1024 3864 Andegavis
1038 3796 1071 3847 et
1094 3784 1228 3849 Pictarir

282 3883 406 3946 rediens
417 3881 457 3945 ad
473 3906 531 3946 nos
542 3882 735 3946 transmittet
751 3882 807 3967 qui
819 3904 978 3946 summam
991 3905 1101 3949 rerum
1116 3899 1229 3971 gerant,

283 3998 313 4045 et
330 3984 476 4048 absentes
491 3984 591 4069 ipsius
606 3982 722 4047 damna
737 3983 902 4046 commissa
918 3983 979 4047 sibi
991 3985 1079 4070 juris
1090 3986 1228 4052 adminis

293 4084 427 4146 tratione
443 4099 656 4170 compensent.
