3034 5500
310 742 503 823 11³9-6l.]
691 762 871 810 aristosa.
1218 757 1259 819 89.

305 912 506 998 Augustinus
531 936 588 978 nec
614 936 686 977 cum
711 936 818 978 sorore
843 916 995 980 clericum
1019 917 1164 984 habitare
1186 943 1262 986 cons

303 1015 407 1096 sensit,
429 1039 469 1079 eo
489 1016 579 1101 quod
604 1038 677 1080 cum
704 1016 866 1082 sororibus
890 1017 1051 1083 interdum
1074 1021 1258 1087 cohabitent

304 1139 363 1180 non
379 1139 516 1198 sorores,
533 1118 601 1198 ubi,
615 1114 700 1184 sicut
716 1116 762 1186 ait
775 1118 930 1184 ethnicus.

511 1275 633 1345 Cognato
644 1279 739 1349 poterit
750 1279 854 1330 nomine
865 1277 941 1350 culpa
952 1279 1017 1346 tegi.

304 1417 354 1479 Ex
370 1414 420 1478 bis
434 1437 512 1501 ergo
527 1414 667 1502 qualiter
688 1415 747 1481 tibi
768 1413 928 1500 agendum
950 1415 1002 1495 sit,
1016 1439 1090 1480 cum
1107 1417 1256 1495 Reniero,

303 1540 398 1604 quem
429 1539 502 1580 cum
533 1515 672 1602 quadam
710 1515 873 1603 quondam
903 1516 1072 1580 fornicaria
1101 1540 1159 1582 sua
1195 1521 1256 1585 sub

269 1668 274 1685 t
303 1620 425 1706 paterni
441 1618 592 1683 famulitii
612 1618 750 1704 imagine
771 1619 917 1684 habitare
937 1618 1100 1704 scripsisti,
1117 1632 1172 1683 tuo
1192 1620 1256 1684 dis·

261 1723 263 1727 ’
302 1722 401 1786 cretio
439 1723 566 1808 poterit,
595 1721 705 1788 habita
743 1721 864 1786 ratione
892 1744 1100 1807 personarum
1130 1722 1256 1790 facilius

304 1823 472 1904 moderari,
484 1848 580 1911 quam
600 1847 657 1889 nos
676 1825 798 1910 quibus
816 1845 958 1910 personae
978 1823 1097 1908 ignotae
1120 1840 1208 1903 sunt,
1223 1840 1255 1891 et

302 1924 412 2011 opinio
438 1948 651 2013 personarum.
702 1927 816 2011 Neque
845 1924 927 1987 enim
958 1924 1035 2010 quia
1060 1926 1256 2008 cohabitant,

301 2025 428 2091 eosdem
451 2027 599 2093 fornicari
620 2049 816 2112 consequens
837 2038 896 2106 est,
921 2048 1022 2112 quum
1045 2026 1167 2112 possint
1189 2032 1256 2093 Do-

301 2131 387 2193 mino
409 2129 604 2215 propitiante
626 2151 688 2192 non
712 2151 779 2192 esse
801 2127 888 2214 quod
910 2128 1054 2204 fuerunt,
1076 2143 1106 2193 et
1130 2144 1255 2197 erratus

300 2230 516 2316 praecedentes
531 2231 636 2296 delere
659 2230 845 2317 poenitentia
871 2230 1087 2315 subsequenti.
1132 2235 1253 2298 Verum

300 2332 485 2419 sipersonae
507 2346 663 2418 suspectae
678 2346 764 2409 sunt,
780 2331 820 2395 ad
840 2331 1012 2416 legitimam
1029 2334 1253 2418 purgationem

301 2437 407 2520 urgeri
424 2448 578 2520 possunt:
603 2434 797 2521 demumque
812 2456 907 2518 poeua
921 2448 952 2498 et
972 2434 1131 2499 absolutio
1144 2459 1253 2501 conse·

300 2551 430 2621 quetur,
442 2558 544 2623 quum
558 2536 737 2601 innocentia
751 2558 861 2600 eorum
877 2536 908 2599 in
920 2535 1044 2622 judicio
1059 2538 1254 2623 apparuerit,

300 2651 354 2702 aut
371 2651 491 2703 reatus.
537 2637 630 2715 Quod
647 2651 754 2701 autem
775 2637 816 2700 de
831 2638 1025 2723 juramento,
1040 2639 1128 2725 quod
1144 2663 1254 2705 secun-

300 2740 376 2805 dum
392 2739 653 2806 consuetudinem
675 2733 906 2804 Lincolniensis
928 2739 1066 2807 ecclesiae
1081 2756 1253 2827 praestutur

300 2844 341 2908 ab
357 2843 407 2907 his
420 2844 478 2930 qui
493 2844 692 2923 ordinantur,
701 2843 858 2929 adjecisti,
871 2865 933 2906 non
949 2843 1147 2919 damnamus,
1164 2845 1252 2930 quod

300 2967 319 3007 a
340 2945 487 3030 patribus
506 2946 564 3032 qui
588 2946 621 3009 in
645 2969 682 3009 ea
704 2957 933 3031 praecesserunt
956 2943 1087 3008 ecclesia
1109 2945 1252 3012 meliores

301 3047 401 3127 nobis,
415 3048 588 3112 admissum
604 3061 662 3125 est,
678 3071 735 3113 nec
755 3046 971 3134 approbamus
991 3044 1133 3133 quidem,
1150 3070 1251 3132 quum

300 3172 338 3212 cx
354 3172 392 3213 eo
407 3149 528 3236 liqueat
544 3150 680 3214 maxime
698 3170 825 3213 cansam
848 3147 981 3235 periculi
1001 3161 1109 3216 natam
1126 3172 1204 3227 esse,
1219 3163 1251 3215 et

299 3250 424 3316 facilem
445 3253 607 3317 materiam
630 3252 761 3338 gravius
782 3250 1001 3337 delinquendi.
1047 3251 1120 3314 Non
1142 3250 1252 3338 itaque

299 3354 386 3439 quod
402 3367 565 3441 peccatum
581 3354 622 3420 sit
638 3376 754 3418 vovere
775 3352 933 3429 sublimia,
949 3352 1003 3416 sed
1019 3353 1096 3439 quia
1112 3356 1252 3420 bumana

300 3457 469 3523 infirmitas
489 3458 636 3523 “nititur
657 3457 689 3520 in
705 3456 838 3520 vetitum
857 3456 1010 3541 semper,”
1024 3468 1056 3519 et
1077 3456 1162 3541 quod
1188 3478 1250 3521 non

299 3561 383 3637 licet,
407 3561 501 3626 etiam
523 3585 625 3648 quum
648 3559 851 3624 acerbissime
875 3558 951 3635 urit,
967 3572 1125 3644 acceptat:
1153 3557 1197 3622 sic
1218 3575 1251 3625 ct

300 3662 368 3747 lege
398 3664 475 3728 data
500 3664 692 3728 subintravit
723 3672 755 3725 et
784 3660 889 3746 culpa,
922 3660 1119 3746 factumque,
1146 3674 1181 3724 ut
1205 3661 1251 3726 ait

299 3769 475 3852 apostolus,
502 3788 599 3851 supra
625 3764 754 3828 modum
782 3784 915 3849 peccans
945 3774 1123 3847 peccatum,
1148 3785 1250 3847 quum

299 3866 482 3931 illicitorum
509 3867 718 3952 prohibitioni
741 3864 826 3929 datae
849 3862 928 3949 legis
949 3862 1079 3928 accessit
1103 3864 1252 3950 praevari-

299 3973 391 4035 catio.
439 3968 584 4033 Viderint
605 3980 748 4032 auctores
763 3979 795 4031 et
810 3965 952 4030 fautores
968 3965 1153 4050 juramenti,
1170 3966 1251 4050 quid

299 4070 439 4136 fecerint.
500 4069 633 4134 Utinam
664 4081 762 4132 cesset
797 4066 1029 4153 pravaricatio,
1058 4066 1251 4152 castitasque

300 4186 454 4247 servetur,
472 4185 508 4237 ut
526 4193 589 4235 non
604 4193 644 4235 ex
665 4168 931 4254 delinquentium,
946 4166 1251 4254 praesidentiumque

300 4298 466 4354 consensu,
496 4272 646 4358 suscipiat
676 4274 757 4335 vires
787 4283 965 4357 peccatum,
997 4282 1028 4331 et
1060 4268 1251 4352 negligentia

300 4378 348 4441 vel
371 4375 495 4441 malitia
516 4372 764 4439 incrementum!
803 4376 852 4436 De
872 4370 927 4434 illo
949 4382 1055 4434 autem
1079 4365 1251 4445 sacerdote,
