3034 5500
279 746 451 826 naa-s]
673 765 852 810 aersrona.
1193 756 1236 814 29

276 929 378 979 torum
395 928 592 997 vestrorum,
607 928 638 981 et
656 917 711 1002 jus
726 933 865 984 vestrum
883 917 1040 1003 possimus
1054 921 1235 1005 protestari.

278 1017 412 1103 Siquid
437 1031 488 1083 est
511 1019 600 1105 quod
624 1017 728 1083 nuntii
751 1019 849 1083 vestri
877 1019 1045 1085 attulerint
1074 1020 1162 1107 quod
1192 1020 1235 1085 ad

276 1118 523 1203 wigornensem
543 1132 678 1205 spectat,
694 1118 761 1183 sine
781 1141 870 1184 mora
884 1120 1074 1186 exhibeatur
1097 1132 1129 1185 et
1151 1120 1180 1185 ei
1203 1133 1236 1186 et

277 1220 528 1308 archiepiscopo.

348 1454 577 1518 EPISTOLA
598 1455 1025 1518 XXVll.-nnsoa1aunn
1042 1473 1162 1519 aaran.

536 1587 677 1650 Domino
692 1588 799 1670 Papoe
815 1589 974 1651 Adriano.
1189 1663 1202 1693 Ι

319 1722 569 1789 {moneamus
586 1743 675 1784 amor
697 1733 820 1785 tantam
843 1721 922 1784 mihi
945 1721 1037 1786 dedit
1057 1720 1235 1802 audaciam,

277 1837 315 1889 ut
328 1824 484 1889 solicitare
496 1845 684 1910 praesnmem
699 1844 758 1908 pro
768 1823 856 1899 meis,
867 1835 898 1886 et
910 1816 1081 1888 amicornm
1094 1846 1236 1890 meorum

278 1925 530 2003 necessitatibus,
546 1948 647 2012 quum
666 1928 724 1989 sirn
749 1924 857 2010 pulvis
871 1938 903 1988 et
924 1925 1013 2002 cinis,
1029 1927 1234 2012 apostolicam

277 2028 495 2115 majestatem:
519 2048 629 2090 verum
647 2025 771 2112 probis
786 2023 966 2091 fiducialius
981 2028 1138 2114 supplico,
1153 2052 1235 2115 quos

275 2131 377 2207 vobis,
404 2144 497 2216 pater
525 2130 671 2205 amande,
699 2143 731 2193 et
762 2143 880 2193 sanctoe
913 2128 1066 2194 Romanas
1095 2132 1237 2196 ecclesias

275 2233 435 2318 fideliores
464 2254 612 2318 agnosco,
639 2233 723 2295 inter
748 2254 830 2318 quos
855 2243 903 2296 est
929 2233 1118 2297 venerabilis
1144 2249 1236 2321 pater

276 2333 427 2399 dominns
443 2333 664 2406 Norwicensis,
677 2333 734 2419 qui
750 2334 832 2398 sicut
848 2334 1037 2420 promptiori
1052 2349 1084 2400 et
1102 2334 1234 2420 pleniori

277 2437 449 2501 devotione
471 2434 666 2521 apostolatui
689 2448 795 2499 vestro
817 2436 1032 2513 submittitur,
1051 2436 1083 2501 in
1105 2436 1237 2501 ecclesia

277 2537 460 2623 Anglorum
477 2535 674 2600 fructuosius
688 2534 871 2600 famulatur.
919 2535 969 2600 lta
991 2536 1167 2601 manifestis
1183 2560 1235 2600 ca-

277 2639 410 2705 lumniis
425 2638 543 2724 saepius
557 2636 721 2723 affligitur,
737 2636 889 2703 indebitis
905 2639 1128 2703 vexationibus
1147 2661 1235 2703 mau-

276 2743 430 2808 datorum
454 2756 632 2806 vestrorum
655 2743 819 2807 occasione
842 2739 1066 2826 prosternitur,
1090 2741 1172 2806 sicut
1194 2764 1234 2805 ex

277 2845 443 2932 rescriptis
457 2845 678 2930 episcoporum
694 2844 829 2929 potestis
844 2842 1016 2928 percipere.
1063 2841 1236 2907 Walclreli-

276 2971 339 3012 nus
354 2946 596 3011 archidiaconns
608 2945 855 3032 comprehensus
871 2942 903 3005 in
915 2942 1067 3028 operibus
1081 2964 1234 3006 mannum

277 3068 421 3123 suarum,
445 3059 565 3110 utnon
590 3045 685 3110 modo
708 3044 894 3108 mandatum
918 3055 1074 3120 nostrum,
1090 3042 1144 3106 sed
1163 3043 1236 3131 jus-

277 3151 383 3215 titiam
410 3148 540 3212 Domini
566 3159 709 3226 evacuet,
734 3160 766 3211 et
792 3167 948 3209 sacrarum
972 3144 1234 3211 constitutionum

278 3252 419 3339 laqueos,
434 3263 466 3315 et
484 3249 633 3336 judicum
656 3271 770 3312 manns
792 3248 934 3332 effugiat,
956 3247 1138 3334 religionem
1163 3271 1235 3312 ves·

278 3370 360 3419 tram
389 3354 618 3418 circumvenire
638 3352 767 3429 nititur,
791 3351 851 3417 sub
876 3363 1037 3438 praetextu
1060 3366 1092 3417 et
1120 3352 1234 3417 habitu

277 3455 499 3532 restitutionis,
516 3477 615 3542 quum
633 3466 738 3517 tamen
759 3475 816 3540 per
838 3455 942 3540 ipsum
961 3452 1096 3527 steterit,
1113 3452 1234 3540 siquid

277 3558 306 3622 ei
327 3557 428 3634 deest,
446 3579 511 3644 quo
533 3556 639 3619 minus
661 3575 730 3618 enm
754 3554 915 3619 habuerit.
961 3556 1069 3618 Taceo
1091 3554 1179 3640 quod
1201 3554 1234 3619 in

277 3658 528 3745 redemptionem
544 3656 684 3721 criminis
704 3656 805 3719 multa
828 3655 971 3741 promisit
994 3655 1025 3718 in
1049 3668 1233 3741 contemptu

279 3763 362 3829 sedis
377 3760 560 3849 apostolicae
574 3763 616 3823 ab
631 3783 668 3823 ea
684 3782 842 3835 reversus,
857 3758 952 3844 plura
967 3759 1132 3825 commisit.
1179 3760 1235 3824 Ad

278 3867 427 3955 injuriam
444 3877 582 3927 vestram
599 3863 711 3927 venio:
736 3861 893 3949 spurium,
909 3882 1004 3947 quem
1020 3860 1049 3924 ei
1064 3859 1236 3927 revertenti

277 3967 402 4034 avobis
416 3966 538 4031 focaria
552 3964 686 4053 peperit,
701 3963 741 4028 de
757 3963 968 4027 sacratissimo
989 3962 1115 4027 nomine
1130 3977 1237 4028 vestro

277 4070 432 4160 appellari
450 4071 601 4155 praecepit
619 4066 816 4131 Adrianum:
849 4065 979 4129 eandem
997 4063 1125 4151 reliquit
1144 4078 1236 4152 pater

276 4173 459 4260 gravidam,
471 4168 527 4235 sed
542 4168 674 4256 provida
689 4168 896 4255 dispositione
908 4177 1063 4233 statutum
1080 4181 1140 4248 est,
1155 4181 1191 4231 nt
1208 4166 1234 4230 si

276 4275 357 4343 lorte
373 4272 534 4365 pepererit
551 4274 726 4337 masculum
739 4270 900 4359 appellent
917 4270 1147 4347 Beneventum,
1159 4266 1236 4351 quia

276 4378 340 4445 illic
355 4374 582 4467 peregrinatur
598 4386 699 4459 pater,
711 4373 736 4436 si
752 4372 926 4448 soeminnm,
939 4370 1066 4435 dicatur
1079 4367 1233 4431 Adriana.
