3034 5500
390 762 433 818 62
650 769 787 813 Joannls
804 767 1078 813 sanusnsatsnsn
1254 750 1299 830 [s.
1316 770 1343 814 n.

394 935 430 988 st
442 921 566 1009 injustis
587 917 812 983 vexationibus
833 917 988 1003 opprimi:
1011 928 1043 981 et
1059 916 1105 981 eis
1127 916 1347 983 omnesliber·

389 1037 472 1091 tetes
486 1037 520 1088 et
534 1020 779 1088 consuetudines
789 1020 901 1104 justas,
914 1042 994 1106 quas
1007 1018 1193 1084 habuerunt
1203 1032 1343 1106 temporo

394 1126 550 1193 Willelmi
570 1126 665 1190 bonoe
687 1121 851 1187 memoriae
874 1120 1046 1186 decessoris
1070 1121 1181 1203 nostri,
1204 1120 1345 1208 praecipi·

396 1253 468 1295 mus
482 1227 653 1295 observari.

461 1489 683 1554 EPISTOLA
706 1487 921 1550 LVIIL-an
943 1505 1121 1550 mcsnnnu
1141 1505 1282 1552 nosnos.

777 1605 973 1652 artscornu.

605 1749 746 1814 Ricardo
765 1747 978 1812 londoniensi
991 1751 1146 1832 episeopo.

443 1909 529 1985 Qun
544 1917 668 1971 rectum
683 1905 830 1970 ordinem
845 1904 1007 1983 deserunt,
1019 1917 1075 1969 aut
1090 1927 1283 1994 numquam,
1298 1919 1349 1974 sut

400 2033 471 2077 raro
484 2010 575 2074 loetos
588 2007 691 2072 exitus
706 2006 891 2071 sortiuntur.
914 2009 975 2071 Est
988 2016 1096 2070 autem
1112 2007 1145 2070 in
1161 2009 1266 2073 causis
1279 2009 1350 2075 ordo

399 2110 601 2186 rectissimus,
628 2119 664 2173 ut
689 2107 851 2196 praecedut
876 2109 1068 2173 sententiam
1094 2111 1300 2193 examinatio,
1320 2123 1350 2177 et

398 2226 476 2281 tunc
490 2212 622 2278 demum
637 2211 708 2297 quis
723 2233 819 2298 poeua
832 2210 964 2275 feriatur
977 2211 1132 2296 legitima,
1145 2235 1247 2300 quum
1264 2215 1350 2280 inno·

397 2315 535 2382 centiam
557 2336 648 2378 suam
674 2314 756 2379 tueri
779 2325 919 2378 autnon
947 2325 1062 2400 potest,
1084 2326 1142 2381 aut
1166 2317 1350 2383 coutemnit

403 2420 470 2483 Vos
479 2417 630 2497 autem,si
638 2416 791 2480 Adelitiae
800 2416 841 2480 de
850 2415 1141 2500 Valoniisjustaest
1149 2418 1355 2505 querimonia,

403 2519 504 2607 ipsum
525 2531 636 2584 contra
654 2517 833 2602 legitimum
855 2517 1001 2582 ordinem
1018 2517 1186 2603 disponitis
1208 2521 1356 2586 condem·

403 2645 491 2706 nare,
513 2632 547 2686 et
564 2619 728 2686 audientia
749 2619 809 2685 sibi
832 2618 1000 2703 denegata,
1019 2641 1149 2684 omnem
1166 2621 1356 2687 defensionis

403 2725 434 2791 ei
454 2723 649 2814 praecluditis
667 2721 762 2787 viam.
808 2719 1019 2787 Meminimus
1037 2721 1168 2810 quidem
1192 2746 1251 2789 nos
1272 2724 1357 2790 vobis

403 2851 500 2916 super
512 2828 574 2893 hoc
595 2826 659 2893 alia
677 2824 746 2891 vioe
766 2824 936 2912 scripsisse,
951 2826 1101 2913 quatinus
1120 2827 1224 2912 ipsam
1238 2826 1309 2892 loco
1327 2839 1357 2892 et

404 2943 549 3017 tempore
561 2951 701 3015 congruo
712 2938 875 2992 evocatam
887 2927 997 2991 ordine
1009 2932 1162 2991 canonico
1174 2928 1358 3011 tractaretis,

405 3043 440 3096 et
460 3030 613 3119 quicquid
635 3031 667 3092 in
690 3051 762 3092 earn
783 3027 987 3093 statuendum
1011 3027 1109 3106 foret;
1140 3043 1279 3111 maturo,
1296 3052 1357 3095 nou

406 3133 562 3221 proecipiti
578 3130 701 3216 judicio
716 3130 934 3194 consuluimus
941 3155 951 3208 3
976 3142 1010 3195 et
1030 3132 1254 3218 prsecepimus‚
1269 3134 1357 3199 robo-

405 3236 479 3300 rari.
503 3236 549 3296 At
563 3232 618 3296 illa
629 3253 663 3295 se
677 3231 793 3295 exinde
804 3232 914 3297 durius
925 3234 1051 3298 tractari
1063 3236 1279 3322 conqueritur.
1297 3237 1359 3301 Nos

407 3358 483 3400 vero
511 3332 672 3417 religionis
702 3334 899 3421 propositum
929 3336 1076 3401 nolumus
1104 3337 1274 3424 impedire,
1304 3338 1360 3403 sed

406 3450 570 3527 praeeunte
580 3436 716 3522 justitia,
727 3460 801 3525 quoe
813 3439 963 3526 sapientis
974 3439 1088 3504 faciem
1100 3442 1271 3524 antecedit,
1282 3441 1361 3508 iilud

406 3542 475 3607 sine
497 3540 646 3605 scandalo
667 3540 761 3606 officii
784 3543 881 3607 nostri
899 3543 1046 3628 cupimus
1065 3544 1244 3630 adimpleri.
1280 3546 1360 3611 lnde

407 3656 456 3710 est
481 3644 567 3731 quod
589 3643 751 3709 dilectioni
774 3658 887 3709 vestrm
910 3649 1026 3711 iterato
1050 3646 1253 3728 mandamus,
1272 3661 1310 3713 ut
1330 3649 1362 3713 in

406 3758 582 3812 memorata
597 3768 692 3811 causo
711 3745 822 3811 ordine
837 3746 982 3833 legitimo
1004 3748 1192 3834 procedatis,
1206 3749 1252 3815 ita
1268 3749 1363 3834 justi·

405 3850 484 3918 tiam
507 3849 676 3937 prudentia
697 3861 923 3935 temperantes,
945 3850 1053 3938 utqui
1074 3850 1191 3930 zelum,
1210 3874 1308 3939 quem
1328 3853 1360 3918 in

409 3953 551 4018 Domino
576 3949 710 4034 habetis,
736 3951 906 4029 audierint,
929 3951 1095 4018 scientiam
1120 3976 1250 4042 quoque
1276 3955 1363 4021 vobis

408 4058 570 4140 gaudeant
581 4054 715 4122 affuisse.
745 4054 953 4140 Proecipimus
964 4054 1072 4143 itaque
1084 4069 1118 4121 ut
1128 4057 1158 4121 ei
1167 4057 1362 4125 audientium

409 4159 552 4225 debitam
564 4157 744 4245 praebeatis,
756 4168 791 4221 et
805 4169 882 4221 tunc
892 4159 1068 4223 secundum
1083 4160 1260 4226 Dominum
1272 4184 1363 4228 causa

409 4261 554 4326 debitum
567 4261 663 4323 finem
680 4258 838 4324 sortiatur.
855 4260 1056 4326 Convenient
1067 4261 1172 4328 lond.
1188 4264 1362 4347 nobiscum,

410 4375 539 4427 auctore
560 4359 711 4439 Domino,
726 4360 759 4425 in
776 4361 876 4440 brevi,
893 4362 1005 4430 iratres
1020 4366 1130 4445 nostri,
1146 4380 1183 4432 ut
1197 4368 1239 4432 de
1254 4389 1361 4435 eornm
