3034 5500
290 731 350 790 168
540 741 677 787 roannrs
693 738 976 784 sanssaaarnssrs
1149 719 1193 801 [s.
1209 740 1236 785 n.

287 918 364 960 uum
393 895 676 981 peremptoriarum
703 889 906 979 apparuisse:
938 903 973 955 et
1004 889 1133 977 adjecit,
1160 892 1238 977 qnod

286 998 352 1060 sine
368 995 572 1081 Wigornensi
588 997 748 1081 episcopo,
763 993 814 1057 cui
831 991 1044 1079 condelegata
1058 1006 1128 1057 erat
1142 1015 1236 1057 cause

285 1098 434 1184 cognitio,
448 1113 479 1161 et
503 1119 566 1162 non
587 1097 776 1182 apparebat,
796 1093 848 1157 die
868 1093 1020 1158 condicto
1041 1092 1121 1158 nihil
1140 1094 1237 1158 decer-

285 1223 358 1264 nere
374 1212 510 1287 poterat,
526 1198 577 1262 vel
592 1197 739 1261 debebat.
785 1197 833 1261 sir
857 1193 970 1282 itaque
987 1210 1107 1261 vestrae
1128 1196 1234 1262 discre-

286 1302 379 1366 tionis
391 1302 422 1364 in
433 1301 534 1376 brevi,
547 1304 571 1365 si
585 1299 702 1386 placet,
713 1298 877 1385 saepedicti
887 1299 1109 1364 archidiaconi
1121 1300 1237 1363 subter·

285 1404 395 1490 fugiis,
419 1404 450 1466 in
477 1402 596 1489 quibus
625 1401 768 1479 confidit,
790 1400 932 1477 obviare,
959 1415 992 1465 et
1025 1401 1237 1466 vexationibus

287 1506 408 1571 tamdiu
423 1503 530 1570 afflicti
545 1507 696 1592 episcopi,
712 1503 798 1591 pacis
813 1502 954 1567 remedio
969 1504 1152 1569 subvenire.

341 1747 567 1812 EPISTOLA
591 1747 799 1811 CXIX-an
815 1765 1049 1811 aanxnnnnuu
1068 1764 1185 1809 ravair.

529 1882 667 1944 Domino
681 1880 787 1961 Popae
802 1878 996 1942 ,transnare

328 2021 505 2077 Anvansus
532 2012 703 2076 Osbertum
731 2012 954 2097 presbyterum
987 2034 1085 2097 super
1114 2012 1235 2076 eeclesia

283 2114 323 2178 de
338 2114 556 2189 Tricbestana,
572 2113 736 2177 Jordanus
753 2114 839 2198 prior
853 2113 1001 2178 Acrensis
1016 2113 1156 2180 instituit
1170 2136 1235 2177 con-

283 2218 478 2291 troversiam,
494 2214 601 2277 dicens
616 2237 687 2277 eum
706 2215 872 2300 praefatam
890 2216 1053 2280 ecclesiam
1072 2218 1233 2304 possidere,

284 2341 378 2404 quam
403 2317 469 2380 sine
487 2315 604 2402 prioris
627 2339 767 2399 assensu,
782 2332 814 2380 et
836 2317 968 2383 alterius
988 2318 1149 2398 advocati,
1163 2320 1234 2384 citra

284 2420 451 2484 solemnem
468 2419 611 2482 ordinem
628 2419 723 2504 juris,
739 2433 771 2483 et
795 2420 884 2505 regni
907 2423 1182 2502 consuetudinem,
1194 2423 1235 2486 in-

282 2522 367 2601 vitis,
391 2534 423 2583 et
449 2519 693 2584 reclamantibus
717 2520 916 2606 parochianis
941 2526 1104 2606 ingressus
1127 2524 1234 2588 fuerat.

284 2623 332 2689 Ad
350 2622 417 2687 baec
440 2623 597 2686 Osbertus
613 2646 646 2687 se
669 2624 700 2685 in
717 2623 847 2686 eandem
868 2625 1032 2688 ecclesiam
1055 2626 1233 2690 canonicum

281 2729 455 2810 ingressum
470 2723 618 2788 habuisse
631 2723 806 2810 respondit,
816 2724 973 2791 advocato
981 2727 1098 2793 comite
1109 2729 1234 2793 Waren.

282 2830 387 2915 ipsura
416 2841 639 2915 praesentante,
662 2840 694 2891 et
723 2824 880 2891 Wiileimo
906 2829 1132 2894 archidiacono
1158 2832 1233 2895 Nor·

283 2934 405 2998 wicensi
441 2932 506 2995 vice
536 2931 676 2995 Ebrardi
710 2931 802 2995 bonae
835 2933 998 2999 memoriae
1030 2935 1233 2999 Norwiceusis

281 3035 433 3122 episcopi,
449 3034 681 3112 introducente,
696 3048 727 3097 et
746 3034 775 3097 ei
791 3057 864 3098 cum
884 3036 970 3098 omni
986 3036 1063 3121 jure
1084 3060 1143 3101 suo
1157 3039 1234 3123 jam-

281 3137 398 3201 dictam
411 3134 570 3199 ecelesiam
584 3134 785 3199 concedente.
816 3135 943 3222 Adjecit
955 3137 1050 3201 etiam
1062 3137 1124 3203 hoc
1136 3138 1234 3222 legiti-

282 3259 404 3299 morum
435 3239 562 3299 testium
591 3237 763 3300 assertione
789 3238 821 3299 in
849 3238 1021 3322 praesentia
1051 3241 1234 3305 venerabilis

280 3338 388 3401 fratris
411 3337 508 3400 nostri
535 3336 689 3401 Wilieimi
712 3340 922 3404 Norwicensis
944 3341 1086 3429 episcopi
1109 3365 1142 3406 se
1163 3366 1232 3428 pro·

280 3439 381 3516 basse,
407 3437 494 3524 quod
522 3452 554 3503 et
581 3438 749 3525 episcopus
779 3440 947 3506 destinatis
971 3443 1012 3505 ad
1040 3465 1099 3508 nos
1124 3443 1233 3509 litteris

280 3542 469 3607 testabatur.
503 3543 545 3605 Se
561 3555 665 3605 tamen
682 3542 810 3607 minime
824 3543 1001 3626 cogendum
1018 3568 1087 3611 esse
1101 3545 1234 3624 dicebat,

282 3658 317 3709 ut
340 3642 543 3730 possessionis
567 3665 633 3706 sure
657 3642 801 3708 laudaret
828 3658 1004 3722 auctorem,
1026 3661 1084 3711 aut
1107 3647 1232 3712 titulum

280 3749 410 3822 diceret,
426 3768 528 3833 quum
547 3767 632 3823 reus,
647 3760 679 3811 et
695 3746 720 3808 si
736 3746 814 3812 nihii
835 3761 978 3833 praestet,
992 3748 1150 3826 obtineat,
1165 3772 1234 3814 auc·

281 3867 348 3916 tore
364 3872 426 3914 non
446 3848 614 3935 probante,
629 3846 716 3934 quod
733 3847 878 3914 intendit.
926 3851 1036 3927 Quum
1052 3873 1131 3936 ergo
1145 3875 1234 3918 vens·

279 3953 387 4018 rabilis
409 3953 507 4016 frater
529 3962 637 4013 noster
664 3950 832 4037 episcopus
858 3952 1065 4017 Cicestrensis
1092 3955 1230 4028 instaret,

280 4068 316 4121 ut
331 4055 429 4141 prior,
444 4054 470 4116 si
493 4052 524 4116 in
545 4074 640 4115 causa
660 4052 757 4117 veliet
778 4053 960 4139 procedere,
976 4078 1067 4120 suam
1086 4055 1229 4120 fundaret

279 4159 495 4228 intentionem,
514 4154 669 4239 praesatus
691 4154 856 4241 presbyter
876 4154 917 4219 ad
941 4171 1081 4222 vestram
1107 4158 1230 4223 audien·

278 4263 354 4325 tiam
371 4256 553 4343 appellavit,
569 4257 652 4321 diem
672 4257 850 4342 praefiniens
867 4259 1068 4324 Dominicam
1087 4285 1152 4348 quaa
1165 4281 1230 4324 can·

279 4357 410 4429 rabitur,
431 4356 558 4418 Laetura
574 4352 790 4419 Hierusalem.
