3034 5500
284 753 479 832 llos-ot]
674 770 851 813 nersrons.
1174 761 1234 819 109

279 924 334 987 sari
357 920 639 1009 praesumpserint,
657 919 809 1005 jubemus
832 919 1030 985 severitatem
1053 922 1234 986 canonicam

277 1024 427 1103 exerceri,
442 1036 545 1088 ratam
565 1020 706 1086 habituri
727 1020 916 1085 sententiam
940 1044 1176 1108 quamcumque
1200 1023 1233 1086 in

280 1127 422 1200 Petmm,
446 1138 480 1188 et
504 1122 719 1202 Willelmnm,
740 1134 797 1186 aut
820 1121 898 1185 alios
920 1123 1088 1209 complices
1112 1130 1233 1202 eorum,

278 1227 398 1313 siquos
421 1227 555 1302 habent,
571 1224 761 1310 saepedictus
778 1223 970 1288 Ricardusa
992 1227 1097 1311 priore
1111 1249 1236 1313 praeno·

279 1329 416 1393 minatus
430 1325 617 1414 protulerit.

552 1595 790 1660 EPISTOLA
815 1592 971 1659 LXXX.

322 1731 437 1794 Istron
458 1727 859 1814 presentium,1.0ndonis
879 1725 1045 1802 oriundus,
1067 1737 1103 1790 ut
1124 1726 1180 1804 ait,
1196 1727 1236 1791 de

280 1852 396 1915 genere
416 1853 476 1894 suo
502 1829 688 1914 diligentius
713 1843 944 1914 perscrutatus,
967 1827 1071 1891 locum
1099 1829 1235 1892 natalem

279 1931 362 1996 citra
378 1931 573 1995 Coruubiam
597 1930 780 1994 ulteriorem
805 1952 866 1993 non
883 1931 991 2015 potuit
1011 1930 1163 1994 invenire.
1202 1932 1236 1994 Is

277 2032 401 2096 amicus
422 2045 539 2108 noster,
555 2032 581 2094 si
597 2053 671 2095 vera
693 2045 767 2096 sunt
782 2055 857 2117 quoe
878 2032 1037 2118 proponit,
1053 2054 1073 2095 a
1093 2031 1233 2116 quodam

277 2133 399 2198 decano
413 2148 521 2197 vestro
538 2132 693 2220 spoliatus
708 2146 769 2211 est,
784 2146 822 2198 et
837 2131 931 2217 louge
945 2133 1038 2198 aliter
1053 2133 1235 2219 injuriatus,

277 2257 375 2320 quam
391 2233 492 2299 civem
506 2233 737 2298 londinensem
750 2247 924 2321 oporteret.
960 2233 1158 2321 Praeceperat
1178 2235 1236 2299 do·

277 2335 384 2400 minus
399 2358 469 2411 rex,
484 2349 521 2399 ut
540 2337 641 2400 accito
655 2335 786 2412 decano,
801 2349 832 2401 et
848 2335 1054 2422 complicibus
1068 2339 1147 2422 ejus,
1163 2360 1236 2402 cau·

278 2459 345 2502 sam
370 2437 452 2500 hanc
478 2436 627 2500 dominus
653 2436 908 2524 archiepiscopus
930 2439 1146 2512 examinaret3
1179 2438 1234 2502 sed

275 2539 407 2625 quiade
422 2537 596 2624 prudentia
607 2552 711 2603 vestra
722 2551 752 2602 et
765 2540 891 2623 justitia
906 2539 1037 2603 confidit
1049 2538 1235 2625 plurimum,

276 2661 345 2703 eam
362 2637 535 2703 committit
555 2638 654 2718 vobis,
671 2652 706 2703 ut
728 2638 896 2704 adfaciem
919 2638 1107 2725 potentioris
1121 2640 1235 2704 adser-

280 2738 365 2816 sarii,
377 2738 553 2805 Dominum
569 2738 602 2803 in
618 2762 769 2826 paupere,
781 2740 807 2805 si
823 2739 949 2805 veritati
964 2739 1123 2816 innititur,
1135 2754 1237 2805 atten-

278 2840 374 2905 datis.
419 2841 572 2927 Alioquin
593 2841 633 2905 ad
649 2841 862 2905 exhibendam
883 2840 1005 2903 concivi
1021 2854 1129 2903 nostro
1143 2841 1237 2925 justi-

278 2945 368 3017 tiam,
379 2942 468 3028 regio
478 2942 638 3021 mandato,
647 2964 710 3007 uon
720 2942 788 3006 sine
798 2940 962 3005 vexatione
971 2939 1093 3020 decani,
1103 2953 1237 3026 urgetur

278 3043 549 3129 archiepiscopus.
589 3044 677 3107 Seria
699 3065 749 3108 res
773 3054 832 3120 est,
854 3041 914 3106 etsi
936 3062 1113 3127 pauperum
1138 3041 1239 3127 spolia

278 3143 390 3209 decani
400 3159 432 3208 et
443 3142 654 3208 archidiaconi
664 3142 777 3207 ludum
787 3142 918 3207 ducant.
935 3140 1079 3215 Quidni?
1102 3142 1235 3207 aliorum

279 3245 411 3311 tristitia
425 3248 458 3311 in
474 3268 581 3310 eorum
598 3243 752 3330 gaudium
769 3244 866 3321 cedit,
883 3244 915 3308 in
937 3266 1073 3329 quorum
1089 3243 1236 3309 manibus

277 3346 466 3432 iniquitates
493 3359 579 3423 sunt,
606 3358 638 3410 et
669 3345 797 3411 sinistra
821 3368 930 3410 eorum
957 3358 1013 3411 aut
1042 3345 1163 3433 repleta
1188 3359 1236 3411 est

277 3447 478 3527 muneribus,
493 3460 549 3511 aut
566 3447 611 3512 eis
626 3447 736 3512 inhiat.
768 3450 850 3511 Haec
865 3446 947 3510 enim
967 3447 1130 3512 hominum
1147 3471 1238 3513 mon·

279 3561 346 3613 stra
357 3547 489 3613 dextras
501 3570 562 3611 nou
576 3547 703 3612 habent.
728 3547 817 3612 Sicut
828 3548 911 3610 enim
924 3548 1054 3632 qnidam
1067 3549 1100 3612 in
1112 3550 1238 3615 virtutis

279 3650 432 3715 exercitio
453 3650 646 3714 ambidextri
669 3663 756 3726 snut,
780 3649 824 3712 sic
849 3649 901 3712 isti
927 3649 1086 3715 ambilaevi
1109 3654 1238 3717 convin-

278 3765 398 3817 cuntur
412 3751 454 3815 ab
469 3750 603 3815 avaritia
617 3764 649 3816 et
666 3751 785 3837 rapina.
810 3754 891 3815 Haec
903 3750 1071 3818 adversum
1082 3752 1238 3818 archidia-

279 3873 431 3916 conorum
456 3851 589 3927 rabiem,
612 3873 671 3936 pro
693 3873 833 3937 paupere
854 3851 983 3914 concive
1004 3864 1115 3916 nostro
1140 3874 1236 3937 quem

280 3964 420 4015 secretus
436 3949 597 4015 ulterioris
614 3950 787 4015 Cornubioe
803 3951 889 4016 sinus
904 3951 1002 4035 juxta
1016 3966 1136 4017 turrem
1154 3955 1237 4017 Ion-

280 4049 465 4115 doniensem
493 4050 605 4116 edidit.
651 4051 745 4130 Quod
773 4065 879 4116 autem
910 4052 950 4116 ad
980 4065 1098 4119 statum
1124 4053 1239 4118 domus

280 4165 396 4217 nostrae
423 4152 572 4236 pertinet,
595 4150 680 4216 idem
702 4165 750 4216 est
772 4151 828 4237 qui
851 4152 926 4231 tuit,
948 4165 978 4218 et
1003 4153 1100 4239 paulo
1125 4152 1238 4219 loetior.
1298 4191 1300 4194 ·

280 4254 362 4316 Nam
386 4264 492 4316 metus
511 4251 573 4328 ille,
595 4275 691 4338 quem
715 4252 806 4316 vobis
824 4253 993 4337 episcopus
1015 4252 1185 4327 Roffensis,
1205 4268 1237 4316 et

281 4352 447 4418 Radullus
472 4364 578 4417 noster
603 4354 812 4430 incusserant,
838 4375 1092 4437 supervacaneus
1117 4352 1237 4430 extitit,
