3034 5500
280 746 321 804 94
536 757 671 802 sonuurs
687 755 967 801 sannananrnusrs
1137 739 1180 814 [Δ.
1195 757 1222 800 n.

277 907 397 973 tissime
422 920 580 992 portarem
605 906 636 972 in
664 907 805 971 humeris
828 906 916 984 meis,
939 905 1017 971 dum
1040 928 1106 992 pax
1129 905 1222 970 reior-

278 1023 419 1076 maretur
440 1010 534 1074 terris
548 1023 581 1074 et
595 1009 737 1094 populis,
752 1031 835 1093 quos
850 1020 957 1072 vestro
978 1007 1127 1092 regimini
1148 1028 1226 1072 coru·

280 1111 365 1177 misit
380 1115 548 1178 Dominus
594 1114 695 1198 Spero
708 1124 816 1176 autem
832 1110 921 1198 quod
941 1126 1068 1197 quanto
1082 1109 1229 1177 libentius

280 1218 456 1300 acquiesco,
472 1227 505 1279 et
519 1237 643 1301 semper
657 1212 808 1299 adquievi
825 1212 983 1277 voluntati
1000 1225 1128 1288 vestrae,
1144 1224 1229 1277 tauto

280 1316 306 1379 si
321 1314 425 1400 placet
439 1316 609 1401 benignius
623 1314 882 1380 condescendetis
901 1314 1083 1380 necessitati
1099 1336 1188 1391 mere,
1201 1327 1229 1378 et

282 1440 392 1504 preces
407 1441 492 1482 meas
506 1417 547 1482 de
562 1417 752 1483 remittendo
767 1417 963 1494 cancellario,
970 1431 1004 1481 et
1019 1416 1232 1502 promovendo

282 1521 412 1606 negotio
429 1521 620 1585 Exoniensis
642 1519 781 1584 ecclesiae
803 1518 928 1582 facilius
948 1519 1099 1598 audietis,
1116 1518 1234 1582 noveri-

283 1621 389 1708 tisque
404 1644 464 1708 pro
479 1636 566 1687 certo
586 1623 672 1708 quod
689 1621 722 1684 id
739 1620 828 1685 nullo
850 1621 947 1683 modo
966 1633 1162 1706 peteremus,
1177 1620 1232 1683 uisi

283 1722 364 1788 illud
380 1724 581 1790 crederemus
598 1748 664 1790 esse
685 1722 826 1788 Domino
847 1734 989 1808 gratum,
1004 1736 1036 1786 et
1053 1721 1145 1786 vobis
1160 1724 1232 1787 utile

283 1839 316 1890 et
342 1828 521 1891 honestum.
568 1826 690 1890 Audite
720 1827 746 1889 si
777 1825 879 1913 placet
906 1826 995 1913 quod
1024 1825 1058 1888 in
1084 1827 1147 1889 isto
1172 1840 1231 1890 tam

283 1926 454 1993 affectuose
470 1927 669 2011 postulamus
683 1926 832 2003 articulo,
848 1927 982 1990 fortasse
1003 1926 1085 1990 nihil
1100 1927 1234 2012 amplius

286 2028 427 2112 petituri.

358 2301 580 2367 EPISTOLA
596 2303 807 2367 LXXl.-sn
823 2320 855 2366 a.
871 2321 1166 2369 nucnlnmconurr.

642 2422 885 2487 Arcdidiuoono.

329 2542 427 2605 Sara
442 2541 510 2625 jam
534 2553 703 2605 revocatus
721 2563 767 2615 es,
783 2540 841 2626 qui
860 2539 901 2604 ad
923 2539 1019 2604 unius
1037 2543 1141 2627 patris
1160 2543 1240 2606 serris

286 2654 318 2706 et
332 2641 515 2725 languentis
530 2641 723 2706 vcmticmm
743 2641 874 2706 rediisse
890 2642 1058 2708 debueras.
1104 2646 1149 2708 Et
1170 2645 1239 2731 qui·

288 2743 363 2810 dem
383 2743 556 2809 verendum
578 2758 628 2809 est
650 2767 689 2807 ne
711 2742 893 2808 tarditatem
918 2757 1005 2809 tuam
1034 2745 1149 2831 puniat
1176 2746 1238 2810 Do·

288 2846 405 2927 minus,
427 2846 453 2910 si
475 2847 517 2911 ab
541 2842 757 2910 inobedientia
781 2844 993 2923 obsurdescis,
1017 2846 1239 2911 beneficiorum

289 2946 467 3020 immemor,
473 2947 650 3032 patrisque,
658 2968 751 3029 quem
765 2946 966 3030 languentem
976 2947 1009 3009 in
1020 2946 1162 3011 humeris
1170 2970 1239 3035 por·

290 3048 535 3118 taredebueras,
547 3059 757 3130 contemptor.
787 3048 870 3109 Eras
880 3050 1009 3111 omnino
1019 3047 1243 3114 inexcusabilis

290 3161 322 3211 et
345 3146 558 3210 maledictioni
581 3160 698 3210 nostras
729 3151 906 3231 proximus,
929 3147 989 3213 nisi
1014 3162 1102 3213 tuam
1133 3150 1242 3214 absen-

291 3247 368 3312 tiam
389 3247 450 3310 sub
472 3259 632 3331 praetextu
656 3248 849 3312 necessitatis
868 3271 935 3313 suae
955 3248 1107 3314 dominus
1121 3274 1177 3314 rex
1191 3271 1244 3314 ex·

292 3360 425 3412 cusaret.
464 3349 639 3423 Caeterum,
656 3348 733 3434 quia
748 3348 909 3435 publicam
926 3349 1109 3429 utilitatem,
1122 3375 1199 3437 quae
1214 3353 1243 3415 iu

292 3448 427 3535 negotiis
442 3447 561 3514 domiui
576 3451 660 3536 regis
673 3454 821 3531 vertitur,
832 3452 967 3536 privatae
984 3452 1118 3519 utilitati
1133 3454 1245 3541 praefe-

293 3551 1244 3641 rimus,voluutatemipsius,quamsemper,quatenuslicuit,

293 3669 326 3720 et
346 3655 549 3741 expediebat,
565 3669 683 3721 nostrae
703 3655 916 3741 praetulimus,
931 3656 1037 3721 adbuc
1052 3660 1245 3723 sustinemus

293 3770 402 3822 nostro
413 3759 638 3845 praejudicasse
650 3757 812 3834 mandato,
823 3759 884 3822 sub
895 3782 933 3822 ea
944 3772 1050 3824 tamen
1065 3760 1245 3824 conditione

296 3872 445 3946 utquam
465 3861 529 3925 cito
550 3862 684 3945 gratiam
708 3862 778 3946 ejus
800 3863 944 3947 potueris
958 3863 1115 3941 obtinere,
1134 3863 1176 3926 ad
1192 3886 1246 3927 ncs

296 3960 400 4025 redire
415 3984 477 4024 non
488 3960 626 4025 differas.
664 3963 709 4026 Et
724 3961 785 4024 hoc
796 3974 859 4025 tarn
871 3966 1050 4028 necessitati
1062 3976 1141 4042 tuae,
1152 3985 1247 4051 quam

296 4062 454 4126 voluntati
463 4063 534 4145 ejus
542 4062 581 4125 ad
594 4085 733 4147 praesens
742 4063 958 4150 indulgemus,
966 4067 1058 4130 veriti
1071 4066 1246 4152 periculum

297 4177 403 4237 tuum,
426 4162 450 4222 si
474 4184 511 4223 eo
533 4161 652 4224 offenso
674 4164 816 4229 redieris.
861 4167 1031 4231 Timemus
1052 4168 1137 4231 enim
1161 4190 1201 4231 ne
1224 4167 1248 4230 si

298 4260 471 4348 pericmum
488 4261 610 4325 amissae
625 4265 738 4345 gratiae
754 4289 811 4349 pro
832 4266 923 4330 nobis
937 4266 1091 4342 incurras,
1108 4290 1177 4331 eam
1195 4290 1250 4355 per

299 4387 356 4428 nos
376 4385 563 4449 recuperare
585 4386 647 4428 non
677 4370 787 4447 possis.
835 4372 951 4432 Breues
973 4369 1055 4432 enirn
1079 4385 1156 4434 sunt
1185 4369 1250 4432 dies
