3034 5500
431 766 472 822 ol
688 775 826 819 rasurus
842 773 1118 818 ssaesaemnnsrs
1289 753 1331 836 [a.
1348 774 1374 819 a.

433 928 472 992 ad
494 928 562 991 haec
578 940 699 990 mentes
721 926 898 1001 hominum,
914 923 1002 988 etad
1022 923 1214 988 conditionis
1229 944 1294 987 sure
1308 923 1378 987 uoti-

434 1030 509 1093 tiam
528 1029 728 1093 reducentur.

509 1291 734 1357 EPISTOLA
757 1293 923 1356 LIl.-sn
938 1309 1097 1355 casarcos
1114 1309 1312 1354 aroxrassu

825 1410 1003 1455 uccoasra„

613 1553 664 1616 Ad
678 1553 842 1635 Populum
858 1552 991 1614 Pastore
1005 1552 1208 1614 destitutum.

478 1713 586 1777 Licnr
601 1709 730 1774 orbitati
742 1721 856 1772 vestrae
871 1727 1004 1794 paterno
1018 1709 1251 1795 compatiamur
1266 1711 1383 1786 affectu,

434 1836 585 1899 magnum
602 1825 705 1876 tamen
722 1833 762 1874 ex
778 1833 815 1874 eo
830 1808 975 1894 concepti
995 1810 1114 1873 doloris
1136 1811 1292 1874 habemus
1312 1812 1383 1876 sola·

433 1917 526 1991 tium,
542 1915 628 2000 quod
651 1914 780 1977 beatum
803 1924 926 1997 patrem
949 1926 1089 1977 vestrum
1107 1913 1149 1976 ad
1172 1936 1312 1998 superna
1333 1918 1384 1978 mi-

432 2040 541 2102 grasse
562 2016 761 2093 coufidimus,
782 2027 813 2077 et
840 2014 927 2101 apud
951 2030 1073 2099 patrem
1102 2014 1382 2080 misericordiarum

433 2118 534 2182 solitis
548 2118 705 2203 precibus,
716 2116 770 2180 sed
783 2116 921 2179 efficacia
932 2116 1056 2201 majori,
1068 2118 1261 2201 patrocinari
1276 2118 1385 2204 poterit

432 2231 465 2284 et
481 2219 571 2283 nobis
585 2236 618 2283 et
633 2219 730 2284 robis
767 2220 928 2283 Caeterum
946 2216 1022 2304 quia
1037 2219 1103 2280 sine
1118 2217 1261 2301 periculo
1275 2218 1386 2282 anima·

433 2344 517 2397 rum,
532 2344 703 2406 rerumque
725 2319 904 2404 dispendio,
920 2320 1060 2384 viduitas
1079 2317 1219 2383 ecclesiae
1239 2319 1386 2385 desolata

433 2423 584 2510 protelari
606 2447 669 2488 non
691 2434 808 2509 potest,
830 2423 993 2487 caritatem
1017 2435 1153 2485 vestram
1174 2446 1337 2507 rogamus,
1355 2437 1385 2486 et

432 2525 640 2590 exhortamur
650 2523 682 2587 iu
695 2523 846 2601 Domino,
860 2537 896 2587 ut
908 2524 1049 2609 idipsum
1065 2526 1206 2610 sapiatis,
1218 2539 1252 2588 et
1266 2546 1386 2588 ornnem

434 2625 653 2690 scandalorum
668 2638 701 2689 et
722 2623 900 2689 schismatis
913 2626 1109 2689 occasionem
1128 2628 1214 2691 omni
1229 2649 1304 2690 cum
1320 2625 1386 2689 dili·

433 2727 542 2815 gentia
551 2726 727 2804 declinetis,
737 2725 917 2791 incedentes
927 2730 1091 2792 unanimes
1099 2727 1131 2791 in
1142 2729 1238 2792 domo
1248 2727 1386 2804 Domini,

432 2843 465 2896 et
483 2854 557 2919 quae
576 2834 653 2897 Jesu
676 2828 797 2900 Christi
819 2841 904 2908 sunt,
925 2829 1058 2915 privatis
1079 2829 1255 2894 commodis
1276 2829 1386 2917 preele-

432 2947 546 2999 rentes.
580 2937 655 3009 Quo
666 2955 751 3011 vero,
768 2932 850 2996 sicut
861 2944 997 3018 oportet,
1010 2930 1136 3015 possitis
1147 2931 1178 2995 in
1191 2932 1387 3018 providendo

434 3037 525 3100 robis
536 3051 661 3121 pastore
675 3033 856 3119 procedere,
868 3032 1070 3119 praecipimus
1084 3047 1245 3120 quatenus
1260 3034 1301 3098 ad
1317 3058 1387 3099 con·

421 3136 621 3203 'servendum
638 3135 777 3201 ecclesiae
798 3156 919 3220 pacem,
936 3136 1099 3200 dominum
1120 3158 1242 3222 regem,
1257 3136 1387 3201 honesta

433 3237 475 3302 de
489 3236 623 3320 collegio
635 3249 740 3299 restro
754 3236 911 3321 legatione
926 3238 1120 3316 transmissa,
1132 3238 1266 3316 adeatis,
1281 3261 1386 3325 preces

433 3340 463 3404 ei
483 3338 651 3403 devotione
670 3338 780 3403 debita
800 3342 1008 3426 porrigentes,
1024 3353 1061 3406 ut
1081 3341 1229 3406 canonice
1249 3340 1386 3428 eligendi

435 3442 527 3506 robis
553 3455 710 3527 pastorem
740 3440 918 3507 libertatem
943 3445 1107 3525 concedat,
1128 3461 1161 3510 et
1187 3444 1387 3510 destitutioni

432 3541 582 3619 ecclesiae,
598 3565 646 3620 ea,
662 3565 736 3628 quae
752 3541 970 3608 Christianum
987 3545 1161 3634 principem
1177 3545 1283 3624 decet,
1299 3545 1386 3611 mise-

432 3646 554 3710 ratione
568 3646 743 3733 provideat.

507 3903 727 3966 EPISTOLA
750 3902 1180 3965 L111.-sousxssosou
1197 3917 1319 3963 rursu.

673 4061 812 4124 Domino
826 4059 927 4139 Popae
943 4057 1143 4120 Alaeundro.

472 4199 704 4261 Vertumnis
725 4193 824 4256 frater
846 4206 953 4255 noster
976 4189 1153 4254 Mauricius
1175 4192 1385 4276 Bangorensis

429 4298 609 4386 episcopuS,
622 4294 775 4359 facultate
790 4307 821 4357 et
833 4293 1026 4378 possessione
1043 4291 1156 4371 tenuis,
1166 4293 1223 4358 sed
1239 4294 1384 4381 opinione

429 4414 536 4465 nostra
552 4398 600 4461 vir
615 4396 792 4482 religiosus,
807 4408 839 4458 et
862 4396 976 4459 timens
999 4394 1187 4472 Dominum,
1211 4396 1384 4469 ecclesiam,
