3034 5500
285 767 349 826 816
547 776 683 821 scaurus
698 770 976 818 saansasarnusrs
1146 749 1189 837 [a
1207 773 1237 818 u.

287 942 439 1007 taceatur,
453 940 486 992 et
500 928 659 992 Ecclesia
675 926 932 1010 possessionibus
947 924 1078 1001 ablatis,
1094 926 1238 988 atrociter

288 1030 413 1095 tractui
436 1039 519 1093 suut
565 1027 661 1092 Unde
677 1038 711 1090 et
725 1027 990 1108 archiepiscopus
1013 1047 1122 1107 regem
1143 1026 1241 1108 ipsum

286 1130 485 1194 denuntiavit
506 1129 636 1192 domino
662 1150 756 1212 papae
781 1129 814 1191 in
841 1147 1000 1191 canonem
1024 1125 1189 1200 incidisse,
1210 1139 1241 1190 et

286 1233 372 1295 facto
402 1251 461 1294 suo
489 1251 560 1293 esse
588 1230 918 1304 excommunicatum,
944 1228 1008 1291 nisi
1037 1228 1119 1291 forte
1150 1227 1241 1291 sedes

287 1332 469 1415 apostolica
481 1331 570 1412 leges
584 1330 822 1394 ecclesiasticas
842 1338 972 1392 censeat
988 1328 1141 1392 civilibus
1156 1349 1240 1392 com-

287 1431 459 1516 parandas,
488 1453 573 1516 quae,
596 1432 682 1496 sicut
709 1432 755 1494 ait
783 1430 980 1493 Anacharsis
1009 1429 1147 1511 Scytha,
1172 1429 1241 1492 telis

288 1556 475 1598 aranearum
490 1535 704 1613 conferuntur,
719 1533 929 1597 retinentibus
953 1530 1084 1616 quidem
1106 1553 1242 1608 muscas,

290 1634 349 1699 sed
365 1635 653 1699 transmittentibus
662 1632 803 1698 volatilia
816 1633 995 1715 grandiora
1042 1634 1244 1716 Prnceperat

289 1749 394 1800 autem
410 1737 558 1800 dominus
573 1758 668 1820 papa,
680 1747 715 1800 ut
728 1735 951 1810 Bituricensis,
960 1734 1242 1816 Rotbomagensis,

291 1835 499 1915 Turonensis,
522 1848 555 1900 et
576 1836 833 1918 Burdegalensis,
850 1848 883 1897 et
897 1834 1116 1898 Eboraceusis
1138 1836 1243 1898 obser·

290 1949 377 2016 vent,
396 1946 429 2001 et
449 1938 484 2000 in
507 1939 574 2002 suis
595 1938 766 2021 provinciis
788 1936 907 2000 faciant
929 1937 1095 1998 observari
1117 1948 1242 1999 senten·

290 2037 380 2114 tiam,
395 2059 492 2121 quam
513 2040 756 2103 cantuariensis
778 2037 1043 2121 archiepiscopus
1066 2037 1155 2101 sedis
1169 2058 1242 2121 apo·

292 2136 415 2199 stolicae
440 2139 565 2218 legatus
587 2141 680 2202 ferret
702 2140 735 2202 in
759 2139 980 2202 malefactores
1005 2139 1242 2203 Cautuariensis

290 2233 446 2307 ecclesie,
462 2245 495 2297 et
509 2257 594 2300 suos.
643 2238 718 2300 Hoc
734 2249 841 2301 tamen
857 2237 975 2322 adjecit
988 2238 1023 2300 in
1037 2239 1155 2302 litteris
1170 2239 1241 2314 illis,

291 2333 368 2417 quia
385 2355 450 2398 nou
474 2336 530 2399 dat
549 2337 736 2402 mandatum
759 2351 795 2403 ut
816 2361 984 2424 personam
1006 2341 1093 2422 regis
1114 2361 1242 2404 excom·
1270 2335 1273 2339 ’

290 2433 443 2512 municet,
459 2435 519 2500 sed
538 2458 600 2502 uec
621 2440 773 2522 prohibet
794 2439 934 2524 quidem,
951 2440 1027 2523 quia
1041 2461 1115 2504 eum
1138 2454 1243 2524 potes·

291 2544 356 2598 tate
376 2557 435 2599 sua
457 2538 579 2621 privare
605 2562 670 2604 nou
697 2542 805 2617 debet,
828 2543 1003 2626 praesertim
1029 2563 1130 2625 quum
1157 2543 1239 2605 idem

291 2658 351 2702 rex
365 2640 520 2723 patientia
534 2642 691 2708 Ecclesia
707 2646 854 2707 abutatur
868 2645 902 2706 in
917 2644 1037 2707 multis.
1087 2645 1243 2728 Praecepit

292 2740 388 2806 etiam
414 2743 474 2807 sub
498 2744 714 2825 anathemate,
739 2759 775 2811 ut
803 2767 913 2809 omnes
939 2745 994 2831 qui
1024 2745 1064 2809 de
1094 2745 1242 2810 mandato

291 2844 388 2924 ragis,
403 2846 592 2910 clericorum
613 2849 847 2933 archiepiscopi
863 2847 984 2912 reditus
1007 2850 1198 2933 receperint,
1211 2860 1242 2912 et

292 2942 378 3006 bona
391 2948 500 3012 omnia
514 2970 587 3012 eum
602 2951 785 3034 integritate
800 2950 921 3013 eisdem
944 2952 1113 3014 restituant
1127 2948 1243 3035 quibus

290 3044 397 3109 ablata
411 3060 505 3125 sunt3
526 3052 601 3135 quia
612 3073 679 3130 rex,
690 3052 747 3136 qui
762 3052 797 3114 in
812 3073 909 3117 causa
919 3052 1082 3134 praedonis
1093 3061 1242 3128 versatur,

290 3145 371 3206 nulli
394 3159 501 3229 potest
524 3165 674 3235 praestare
694 3155 924 3217 auctoritatem.
970 3154 1036 3235 Egi
1059 3154 1139 3216 satis
1160 3152 1243 3236 apud

291 3242 553 3315 Cantuariensem
569 3275 610 3317 ne
625 3254 740 3318 litterae
755 3255 825 3317 istae
840 3254 1072 3337 procederent:
1097 3254 1154 3317 sed
1169 3274 1241 3317 con·

289 3346 396 3412 silium
411 3358 578 3434 praevaluit
589 3359 723 3422 aliorum
734 3357 946 3434 suadentium,
956 3371 993 3421 ut
1004 3356 1081 3420 dum
1095 3357 1240 3420 dominus

290 3465 376 3529 papa
396 3467 554 3533 superest,
570 3459 663 3542 cujus
680 3472 813 3525 mortem
835 3481 892 3523 rex
915 3458 1096 3522 desiderare
1117 3457 1240 3540 dignos·

289 3545 381 3623 citur,
410 3550 471 3612 sibi
500 3554 624 3619 indulto
658 3561 837 3643 privilegio,
866 3572 899 3624 et
929 3559 1101 3623 beneficiis
1130 3570 1241 3633 utatur,

290 3653 463 3732 presertim
476 3679 573 3740 quum
589 3659 630 3722 ad
645 3664 832 3745 patientiam
848 3665 918 3749 ejus
933 3685 1062 3747 semper
1077 3664 1241 3728 crudescat

290 3748 507 3820 inhumanitas
521 3770 554 3821 et
567 3758 748 3825 immanitas
763 3764 859 3847 regis.

335 3852 506 3935 Caeterum,
531 3859 560 3922 si
589 3860 630 3924 ad
660 3884 717 3926 vos
742 3865 896 3930 mandata
925 3865 997 3929 haec
1027 3868 1240 3949 pervenerint,

289 3951 413 4014 nullum
425 3960 597 4025 occasione
609 3985 731 4040 eorum,
744 3988 815 4050 quae
827 3968 923 4031 nobis
938 3967 1046 4031 ablata
1062 3983 1147 4046 suut,
1157 3966 1240 4051 apud

290 4070 345 4112 ros
360 4054 539 4134 periculum
557 4063 707 4138 timeatis,
728 4067 802 4150 quia
822 4067 976 4151 quicquid
995 4067 1036 4131 de
1051 4070 1149 4132 rebus
1169 4089 1240 4130 nos-

288 4151 345 4214 tris
362 4153 417 4217 fiet
437 4157 478 4219 ad
497 4161 734 4246 heneplacitum
753 4176 902 4244 restrum,
920 4188 981 4231 uos
1003 4167 1097 4246 illud,
1113 4179 1239 4233 auctore

289 4254 441 4337 Domino,
462 4273 564 4325 ratum
591 4274 622 4327 et
648 4276 771 4347 gratum
801 4267 1001 4330 habebimus.
1050 4269 1240 4332 Personatus

289 4358 373 4422 enim
404 4363 588 4445 retinentes,
616 4377 648 4431 et
677 4366 757 4449 jura,
787 4367 955 4432 mobilium
981 4367 1144 4451 jacturam
1178 4390 1241 4433 non
