3034 5500
296 778 359 835 308
552 787 687 832 roauurs
706 784 992 830 sanassenmnsrs
1161 771 1204 851 [u.
1221 790 1248 832 n.

300 945 395 1007 briter
409 941 577 1014 exhibens,
594 940 797 1003 clementiam
821 938 886 1002 Dei
904 949 938 1003 ct
960 940 1096 1020 gratiam
1120 941 1251 1023 Prophe·

299 1048 350 1110 tia
365 1043 518 1127 patientia
532 1045 628 1122 longa
644 1043 828 1123 promeruit

342 1144 438 1210 Unde
453 1143 657 1207 commodum
680 1144 824 1219 arbitror,
839 1157 874 1208 ut
895 1145 923 1207 si
940 1145 1043 1208 chaos
1066 1144 1155 1228 quod
1175 1146 1249 1207 inter

297 1270 366 1321 nos,
394 1256 427 1308 et
452 1245 586 1325 patriam
614 1255 756 1306 nostram
784 1245 947 1308 firmatum
978 1258 1041 1322 est,
1069 1247 1250 1330 permiserit,

296 1349 379 1410 hanc
409 1344 574 1429 epistolam
604 1353 738 1406 vestram
770 1344 811 1406 ad
841 1347 988 1427 singulos
1024 1348 1192 1430 episcopos
1219 1358 1249 1410 et

297 1447 490 1510 celebriores
511 1445 662 1508 ecclesias
682 1446 916 1522 transmittatis,
940 1456 975 1510 ut
999 1447 1181 1510 nutantium
1202 1445 1250 1508 fir·

295 1548 389 1610 metis
410 1545 519 1622 fidem,
533 1557 566 1608 et
587 1546 728 1608 omnium
747 1546 930 1628 provocetis
951 1549 1122 1625 affectum,
1135 1549 1249 1611 crebris

297 1649 392 1710 etiam
416 1645 702 1730 scriptitationibus
727 1646 870 1724 singulos
884 1647 1061 1730 episcopos
1085 1649 1119 1710 in
1142 1649 1251 1731 spiritu

298 1747 562 1823 mansuetudinis,
580 1759 613 1810 et
634 1747 775 1809 lenitatis
797 1745 988 1826 sollicitetis,
1003 1761 1040 1813 ut
1063 1749 1194 1814 redeant
1213 1748 1251 1813 ad

297 1872 364 1924 cor,
384 1863 416 1913 et
437 1849 637 1912 meminerint
658 1847 851 1911 conditionis
872 1869 957 1912 suae:
991 1860 1025 1913 et
1044 1850 1081 1912 in
1104 1852 1248 1914 omnibus

296 1950 500 2036 provideatis,
521 1970 562 2012 ue
589 1949 667 2030 quid
689 1958 826 2012 vestrum
849 1951 1041 2032 arrogantiae
1065 1964 1122 2016 aut
1143 1953 1249 2015 immo-

296 2051 469 2115 derationis
491 2047 667 2134 praetendat
681 2049 864 2131 imaginem.
910 2048 962 2112 Ad
988 2050 1060 2114 brec
1086 2053 1198 2136 accepi
1212 2054 1249 2116 ab

293 2151 343 2214 his
358 2153 413 2235 qui
427 2151 696 2213 Heresordensem
708 2150 895 2234 episcopum
912 2173 946 2215 se
957 2153 1147 2218 familiarius
1158 2176 1246 2218 nosse

293 2254 414 2327 dicunt,
428 2251 516 2333 quod
531 2251 606 2313 dum
624 2263 800 2315 versaretur
814 2253 846 2315 in
863 2253 994 2332 scholis,
1011 2254 1121 2319 laudis
1141 2277 1248 2319 avarus

294 2365 371 2428 erat,
387 2364 419 2416 et
434 2361 540 2415 tantus
559 2363 680 2416 amator
703 2355 822 2435 gloriae,
837 2367 977 2438 quantus
1000 2358 1151 2439 pecuniae
1168 2357 1249 2420 ride·

295 2458 387 2519 batur
412 2476 481 2518 esse
508 2465 719 2538 contemptor.
767 2457 900 2520 Putatur
921 2457 1033 2542 itaque
1058 2459 1149 2543 quod
1173 2458 1250 2522 nihil

295 2558 387 2620 illum
413 2555 517 2637 magis
543 2576 668 2618 movere
691 2566 813 2638 posset,
835 2578 933 2640 quam
959 2559 987 2621 si
1013 2580 1089 2622 eum
1114 2559 1250 2642 magistri

298 2659 490 2734 scholarum,
505 2669 538 2720 et
556 2657 613 2718 viri
635 2658 787 2739 religiosi,
802 2669 911 2741 utpote
935 2659 1028 2724 Prior
1049 2662 1163 2726 Sancti
1178 2662 1248 2726 Vic-

297 2762 385 2840 toria,
400 2773 432 2824 et
454 2760 583 2835 similes,
601 2781 683 2844 quos
705 2760 739 2821 in
763 2760 871 2825 Gallia
892 2762 1065 2828 familiares
1088 2766 1249 2842 habuerat,

297 2864 476 2928 socordiam
502 2861 581 2944 ejus,
604 2861 657 2944 qui
684 2864 872 2944 sperabatur
893 2865 1119 2949 redempturus
1145 2869 1251 2944 lsrael,

299 2965 367 3029 suis
381 2965 480 3027 literis
495 2963 675 3027 excitarent
689 2974 721 3026 et
743 2964 928 3044 animarent,
943 2978 980 3029 ut
994 2989 1080 3031 nunc
1105 2969 1251 3032 ostendat

297 3065 496 3149 episcopum,
526 3083 619 3146 quem
649 3063 682 3125 in
713 3064 842 3127 scholas
872 3064 1044 3150 depingere
1075 3067 1251 3144 consuerit,

297 3179 330 3230 at
345 3189 364 3230 a
378 3188 411 3230 se
424 3165 607 3248 propellens
619 3164 695 3228 vitia
707 3166 826 3249 quaein
838 3166 910 3229 aliis
924 3169 1090 3248 arguebat,
1102 3170 1249 3233 amissam

294 3265 430 3328 redimat
450 3265 578 3328 famam.
631 3263 723 3328 Idem
748 3266 845 3329 etiam
867 3266 909 3330 de
931 3268 1152 3349 Wigorniensi
1175 3292 1249 3334 con·

295 3368 418 3442 sulitur,
436 3387 496 3447 ego
519 3376 625 3430 tamen
647 3387 707 3430 nec
731 3366 771 3431 de
793 3368 874 3450 ipsis
896 3370 981 3432 bene
1003 3391 1109 3453 spero,
1123 3393 1185 3435 nec
1208 3371 1246 3435 de

294 3489 368 3548 rege
391 3468 596 3545 Francorum,
613 3468 711 3553 quod,
726 3469 810 3532 siem
828 3484 953 3546 caetera,
970 3471 1005 3533 in
1027 3492 1105 3535 anre
1127 3471 1246 3537 dictam

296 3570 346 3646 sit,
361 3589 461 3654 quum
484 3568 526 3630 acl
541 3590 698 3652 supremae
713 3570 913 3634 necessitatis
927 3572 1099 3637 articulum
1119 3585 1246 3637 ventum

293 3670 396 3747 suerit,
406 3689 564 3752 praesumo
580 3689 677 3753 supra
690 3669 831 3748 modum,
843 3691 902 3734 nec
918 3671 1115 3739 deecclesia
1127 3676 1246 3739 Roma·

293 3795 346 3850 na,
370 3772 461 3857 cujus
488 3792 591 3833 mores
621 3782 654 3833 et
677 3772 886 3836 necessitates
911 3775 1007 3839 nobis
1031 3776 1248 3855 innotuerunt,

293 3875 428 3937 multum
443 3872 584 3936 confido·
630 3873 752 3957 Utique
775 3873 926 3938 dominus
948 3897 1035 3959 papa
1048 3879 1097 3941 vir
1118 3893 1247 3944 sanctus

291 3984 324 4033 et
339 3973 447 4054 justus
468 3985 526 4051 est,
544 3987 577 4037 et
599 3974 765 4038 dominum
787 3976 965 4052 albertum,
987 3989 1022 4041 ut
1044 4000 1065 4042 a
1087 3982 1246 4066 plerisque

292 4070 419 4147 dicitur,
433 4072 624 4138 imitatorem
640 4075 746 4153 habet,
762 4074 819 4140 sed
833 4075 903 4158 ejus
926 4089 1001 4140 sunt
1022 4089 1072 4142 tot
1094 4090 1129 4143 et
1149 4093 1245 4146 tante

288 4170 504 4245 necessitates,
516 4184 606 4239 tanta
621 4176 756 4240 aviditas
771 4189 803 4240 et
812 4177 998 4259 improbitas
1013 4180 1246 4258 Romanorum,

282 4287 317 4339 ut
339 4272 498 4336 interdum
526 4289 631 4342 utatur
658 4278 791 4341 licentia
816 4279 995 4361 potestatis,
1018 4297 1245 4370 procuretque,

278 4398 319 4440 ex
349 4374 600 4458 dispensatione,
615 4376 704 4461 quod
727 4379 914 4462 reipublicae
940 4380 1059 4444 dicitur
1081 4386 1245 4468 expedire,
