3034 5500
278 740 388 820 1166]
656 758 836 804 ammona.
1164 749 1228 809 335

274 908 386 972 eodem
404 909 515 995 judice
537 910 649 987 fateor,
665 912 742 995 quia
760 909 891 973 malote
913 909 946 973 in
968 909 1028 974 hac
1047 910 1228 977 conditione

276 1012 404 1089 versari,
431 1035 528 1098 quam
555 1010 636 1075 illud
661 1010 798 1097 perfidia
819 1023 876 1076 aut
901 1009 999 1077 etiam
1023 1036 1228 1100 quacumque

276 1126 351 1177 nota
374 1113 583 1201 turpitudinis
608 1113 787 1177 redemisse.
833 1112 883 1179 sit
909 1137 986 1200 ergo
1011 1137 1106 1194 nunc,
1128 1117 1229 1179 amice

279 1215 351 1293 Dei,
368 1216 424 1302 qui
439 1239 529 1280 meus
548 1238 567 1279 a
590 1214 699 1280 multis
723 1213 837 1279 diebus
852 1214 954 1295 fuisti,
968 1216 1140 1282 consolatio
1163 1230 1231 1299 tua,

278 1339 352 1402 quae
373 1339 424 1380 me
447 1329 479 1382 et
504 1317 582 1382 milri
608 1317 845 1382 coexulautium
870 1330 932 1397 est,
954 1317 1131 1384 innocentis
1155 1342 1229 1384 cou-

278 1420 417 1485 scientiae
442 1421 669 1498 testimonium,
694 1443 759 1505 qna
784 1419 863 1483 nihil
886 1421 919 1484 in
943 1419 1010 1484 vita
1032 1434 1229 1506 potestesse

273 1521 460 1607 jucundius.
507 1522 540 1586 Si
556 1522 686 1607 quidem
702 1519 757 1584 illa

451 1684 591 1694 ——-
599 1654 687 1725 judice
695 1670 773 1706 nemo
784 1670 880 1706 uocans
892 1652 1043 1719 absolvitur,

279 1796 350 1859 quae
364 1787 397 1837 et
413 1795 549 1836 vermem
563 1771 773 1837 immortalem
786 1783 818 1836 et
833 1772 938 1857 iguem
955 1772 1229 1859 inextinguibilem

277 1877 382 1959 parit:
414 1887 470 1938 aut
486 1888 522 1938 ut
539 1876 646 1938 verius
661 1874 809 1956 dixerim,
823 1873 1002 1958 perenniter
1017 1875 1114 1941 fovet.
1156 1879 1231 1941 Nou

277 1978 361 2040 enim
385 1976 596 2051 conscientiae,
621 1975 676 2039 sed
702 1975 807 2060 culpae
832 1988 880 2040 est
905 1990 1018 2062 partus
1040 1980 1111 2055 iste,
1134 2000 1229 2063 quem

279 2100 403 2163 semper
418 2100 437 2140 a
452 2090 483 2141 te
499 2081 588 2142 Deus
603 2076 699 2142 faciat
718 2077 868 2141 alienum.
915 2078 948 2142 Si
972 2077 1012 2142 de
1026 2101 1077 2142 me
1100 2079 1230 2164 quaeris,

280 2202 356 2243 sano
377 2189 409 2242 et
435 2177 597 2255 incolumi,
622 2179 817 2263 suffragatur
843 2180 1017 2265 negotiatio
1040 2180 1232 2262 litterarum,

278 2281 460 2366 expectanti
476 2279 722 2343 misericordiam
738 2280 869 2345 Domini
881 2284 914 2346 iu
928 2281 1090 2347 affluentia
1103 2282 1231 2348 illorum

280 2406 354 2468 quae
373 2394 489 2447 natura
511 2380 664 2465 deposcit,
679 2390 736 2444 aut
751 2383 986 2447 conviventium
1011 2406 1123 2448 mores.
1169 2384 1232 2449 Co-

280 2482 390 2546 exulat
413 2480 489 2544 milri
514 2480 613 2543 frater
639 2502 729 2544 meus
754 2503 879 2544 mecum
902 2482 943 2545 ad
963 2505 1056 2548 omne
1078 2502 1170 2549 tuum
1197 2486 1229 2549 in

281 2583 420 2649 Domino
430 2592 599 2668 promptus
612 2580 815 2665 obsequium.
846 2582 954 2657 Quum
969 2595 1076 2648 autem
1092 2585 1133 2649 ad
1148 2608 1230 2671 prae·

280 2709 350 2751 sens
362 2682 450 2748 aliud
462 2702 667 2767 nequeamus,
678 2678 876 2746 salutationis
885 2693 917 2744 et
926 2681 1104 2748 devotionis
1112 2706 1231 2752 munus

280 2789 455 2863 offerimus,
481 2808 537 2872 per
567 2794 599 2847 te
627 2784 770 2849 diceutes
795 2783 930 2849 salutem
960 2785 1076 2871 quibus
1105 2789 1230 2854 noveris

280 2890 441 2975 expedire,
472 2900 503 2951 et
534 2883 719 2949 nominatim
748 2884 870 2949 clericis
898 2884 991 2961 aulae,
1017 2886 1075 2972 qui
1104 2910 1161 2952 uec
1189 2911 1231 2953 ex

280 2992 407 3056 nomine
422 2986 688 3053 excommunicati
705 3002 790 3065 suut,
805 3009 862 3051 nec
886 2988 1229 3055 excommunicatorum

281 3090 532 3178 participatione.
