3034 5500
143 781 321 861 1155-8.]
552 795 731 841 nersronu.
1061 782 1098 839 tr

141 951 332 1016 mundatum
350 962 490 1014 vestrum
507 969 569 1011 non
584 946 696 1012 debuit
708 968 775 1010 esse
786 945 975 1033 captiosum,
986 944 1040 1009 sed
1056 969 1096 1010 ex

140 1078 204 1142 quo
230 1054 266 1117 in
293 1050 485 1139 exequendo
507 1050 658 1115 obediens
681 1053 829 1115 inventus
854 1062 901 1114 est
925 1062 957 1114 et
980 1048 1096 1125 fidelis,

140 1157 244 1244 ipsum
261 1169 370 1221 vestro
384 1152 504 1219 auxilio
518 1163 704 1238 oportuerat
719 1152 870 1217 roborari.
917 1151 992 1216 Fiat
1006 1173 1094 1237 ergo,

143 1260 165 1323 si
181 1258 301 1344 placet,
318 1255 404 1344 quod
420 1269 554 1342 patrem,
574 1255 660 1341 quod
685 1258 866 1319 Romanum
886 1254 977 1318 decet
990 1253 1097 1339 ponti-

141 1361 244 1440 ficem,
274 1373 312 1424 ut
336 1362 405 1447 jam
435 1358 542 1423 dictus
569 1357 737 1443 episcopus
765 1356 923 1422 auxilium
952 1365 1094 1420 nestrum

142 1463 282 1527 inveniat
305 1462 340 1525 in
363 1459 581 1536 tribulatione,
592 1481 692 1544 quam
716 1481 775 1544 pro
796 1458 983 1525 executione
1005 1480 1095 1522 mnn-

144 1564 209 1629 dnti
225 1565 324 1628 vestri
338 1562 503 1628 humiliter
517 1575 645 1648 portare
656 1560 792 1625 videtur.
829 1560 1003 1626 Restituite
1017 1560 1058 1635 ei,
1069 1560 1095 1622 si

143 1669 258 1753 placet,
273 1666 410 1752 gratiam
434 1675 581 1741 vestrum,
603 1676 635 1728 et
657 1661 811 1735 adversus
832 1661 940 1727 hostes
958 1661 1097 1725 ecclesiae

143 1768 260 1833 fortius
274 1766 449 1832 dimicabit.
487 1767 528 1830 Ei
544 1785 686 1852 namquo
700 1761 740 1827 ad
755 1764 874 1829 bestias
885 1761 1095 1850 pugnandum

144 1883 203 1936 est.
227 1870 309 1947 Quis
319 1891 461 1955 unquam
473 1890 566 1933 suum
579 1865 746 1953 suspendit
756 1864 922 1943 athletam,
933 1877 972 1929 ut
982 1863 1095 1930 fortius
1168 1874 1172 1883 '

145 1972 332 2037 dimicaret?
354 1974 497 2056 Pugnam
509 1969 658 2056 episcopo
666 1967 839 2045 indixistis,
851 1981 883 2032 et
898 1988 1012 2031 monus
1025 1967 1096 2054 ejus

143 2074 258 2139 tenetis
279 2071 435 2159 alligatas.
490 2073 670 2158 Mnjestntis
690 2071 800 2157 itsque
818 2084 933 2136 vestroe
956 2066 1094 2157 pedibus

142 2175 306 2262 provoluti
320 2175 549 2262 supplicemus,
572 2187 607 2239 ut
630 2173 736 2238 soluto
755 2173 904 2260 episcopo
918 2173 950 2237 in
966 2195 1020 2236 eos
1036 2171 1094 2258 qui

143 2292 250 2343 contra
266 2279 453 2365 episcopum
469 2291 501 2342 et
516 2299 573 2341 nos
589 2276 685 2362 ipsos,
693 2277 803 2356 immo,
813 2274 901 2362 quod
916 2276 1020 2360 majus
1034 2287 1094 2353 est,

141 2395 251 2446 contra
266 2380 457 2468 apostolicas
467 2379 644 2444 sanctiones
657 2379 741 2444 bona
754 2378 893 2443 ecclesiae
904 2400 984 2442 cusu
1000 2376 1095 2441 sucri-

144 2482 212 2567 lego
247 2482 392 2548 detinere
423 2495 633 2567 praesnmunt,
663 2480 782 2546 debite
816 2478 1095 2545 animadversionis

141 2608 236 2669 poenn
246 2597 480 2672 retorqueatur,
490 2598 522 2649 et
534 2583 698 2671 apostolici
713 2568 851 2648 nominis
862 2594 1095 2668 contemptores

141 2687 254 2753 nestris
277 2686 417 2753 stimulis
440 2700 616 2773 urgeantur
640 2687 681 2753 nd
706 2686 799 2763 riom,
824 2686 865 2752 nd
887 2706 995 2772 quam,
1017 2706 1093 2748 arcu

138 2813 239 2875 quom
257 2789 377 2874 gladio,
392 2790 516 2854 facilius
531 2803 562 2854 et
579 2789 704 2853 &licius
719 2789 923 2853 reducuntur.

327 3128 552 3194 EPISTOLA
574 3129 736 3193 XV.-sn
751 3145 906 3191 sunnon.

480 3266 626 3328 Adriano
642 3267 755 3346 Papo.

182 3402 406 3465 sirenum
416 3410 532 3462 vestroe
542 3396 726 3462 mandatum
740 3418 843 3484 nuper
854 3397 1044 3485 accepimus,
1057 3415 1094 3467 ut

137 3500 226 3585 quod
250 3498 293 3564 de
315 3511 389 3562 ortu
412 3510 445 3562 et
467 3498 635 3562 nativitate
657 3495 845 3563 venerabilis
864 3498 922 3562 viri
946 3500 1093 3566 Gnuterii

141 3601 283 3666 cononici
311 3599 412 3663 sancti
436 3600 511 3664 Rufi
535 3622 575 3663 ex
601 3599 747 3685 diligenti
773 3600 981 3687 inquisitione
1004 3603 1094 3668 nobis

139 3702 326 3779 innotuerit,
338 3702 497 3789 majestati
509 3715 623 3766 vestre
637 3703 813 3787 significare
825 3726 886 3768 non
899 3703 1093 3773 differamus

141 3810 204 3872 Res
217 3819 340 3881 autem,
349 3826 447 3891 quam
463 3802 620 3890 queritis,
630 3804 718 3891 opud
728 3827 785 3868 nos
799 3804 904 3870 inulta
918 3808 1094 3893 quaestione

142 3931 201 3973 non
219 3906 357 3992 indiget,
376 3928 473 3994 quum
495 3906 598 3971 lucent
620 3929 677 3993 per
699 3906 834 3993 seipsam
854 3907 946 3985 adeo,
969 3924 1007 3973 ut
1027 3935 1093 3998 prae

143 4006 307 4074 nobilitate
327 4009 496 4094 majorum,
511 4007 637 4072 claritas
657 4009 757 4073 totius
778 4010 973 4093 cognationis
996 4012 1095 4079 latere

142 4132 203 4175 non
242 4110 355 4198 possit.
414 4109 575 4175 Proefatus
612 4132 750 4197 numque
789 4113 975 4190 Gnuterius‚
1012 4115 1095 4180 sicut

142 4235 199 4299 pro
228 4226 319 4278 certo
347 4212 506 4291 novimus,
536 4212 620 4277 filius
648 4212 712 4279 fuit
739 4212 872 4278 illustris
901 4214 1023 4293 militis,
1053 4217 1094 4281 de

142 4311 1094 4401 nistrenobili‚legitimosusceptusmatrimonio‚ctnobilem

144 4431 288 4496 nostrum
312 4412 362 4482 W.
385 4415 426 4481 de
449 4416 581 4481 Brniosu
599 4416 702 4480 vicina
723 4415 887 4501 sanguinis
908 4416 1094 4500 cognatione

186 4538 260 4585 von.
279 4539 301 4582 1.
610 4537 629 4579 c
