3034 5500
144 773 253 853 naa]
528 793 707 838 nmsrotm.
1031 779 1094 837 825

141 941 251 1007 divina
276 944 455 1025 indignatio
483 945 517 1007 in
543 946 693 1009 diuturna
722 945 864 1029 procella
894 946 1093 1027 tempestatis

141 1044 239 1127 hujus
254 1046 446 1126 emergentis
466 1047 506 1110 ab
523 1046 683 1129 Aquilone
705 1056 818 1109 contra
839 1047 1006 1110 ecclesiam
1027 1067 1093 1109 non

140 1144 288 1228 permisit
302 1168 383 1224 esse,
393 1168 436 1210 ex
452 1169 551 1211 causa
565 1148 738 1211 liberalitas
749 1149 827 1211 mihi
843 1159 898 1212 ant
907 1149 987 1211 meis
1002 1147 1093 1211 exhi-

140 1246 230 1317 bita,
245 1249 416 1311 multorum
432 1248 618 1312 debitorem.
664 1250 772 1321 Quum
786 1261 893 1313 tamen
909 1260 984 1313 ante
999 1250 1092 1313 obsc-

141 1346 225 1430 quiis
248 1358 281 1410 et
303 1347 471 1412 beneficiis
492 1349 716 1433 promeruerim
740 1351 876 1411 multos:
909 1349 937 1410 si
961 1347 1092 1431 quidem

135 1446 206 1530 jam
229 1448 320 1511 exilii
342 1449 404 1511 mei
427 1459 558 1532 quartus
581 1449 682 1529 agitur
704 1467 818 1524 annus,
838 1458 869 1509 ct
888 1447 998 1509 tertius
1019 1469 1094 1529 pro·

141 1549 336 1632 scriptionis,
347 1571 408 1612 nec
423 1571 553 1633 possum
568 1549 631 1610 nisi
647 1548 688 1610 de
704 1568 878 1631 paucorum
894 1547 958 1610 fide
974 1548 1093 1611 amico·

140 1653 286 1726 rum,ch
302 1673 406 1735 pauca
427 1663 459 1714 et
481 1673 578 1734 parva
592 1651 633 1713 ad
653 1650 794 1713 animum
815 1648 967 1713 reducere
981 1669 1095 1711 monu-

140 1762 261 1815 menta.
306 1754 391 1814 Nam
415 1752 544 1835 plurimi
567 1752 601 1814 in
624 1750 754 1814 Photini
778 1748 924 1813 videntur
939 1749 1093 1813 incidisse

139 1854 342 1930 sententiam,
357 1852 506 1925 dicentis,

247 2000 303 2051 Dat
314 2017 404 2070 poenas
414 1999 520 2053 laudata
531 1999 608 2064 tides,
619 2016 698 2068 quum
710 2000 822 2052 sustinet
832 1999 891 2052 illos

248 2087 322 2147 Quos
333 2083 435 2137 fortuna
446 2084 548 2156 premit.
584 2085 659 2138 Fatis
670 2084 774 2149 accede,
788 2084 912 2154 Demque,

248 2170 286 2221 Et
297 2169 352 2221 cole
363 2169 461 2234 felices,
473 2171 578 2222 miseros
589 2169 661 2236 fuge,
673 2169 759 2222 sidem
771 2173 846 2223 terris

250 2255 290 2306 Ut
301 2256 409 2320 distant,
420 2261 450 2307 ut
461 2254 567 2307 flamma
577 2255 651 2319 mari,
662 2256 699 2307 sio
711 2255 775 2308 utile
787 2262 867 2309 recto.

248 2340 331 2392 Nulls
342 2339 410 2392 fides
421 2358 543 2409 umquam
554 2341 662 2393 miseros
674 2340 756 2409 elegit
767 2343 873 2395 amicos.

143 2479 226 2540 Haec
245 2476 387 2561 prolecto
410 2485 458 2538 est
480 2474 650 2558 prudentia
671 2476 786 2553 carnis,
801 2478 943 2541 Domino
965 2485 1092 2563 procul.

144 2578 246 2641 dubio
265 2577 406 2653 inimica,
429 2573 579 2650 mendax,
599 2574 696 2657 plena
717 2575 925 2657 turpitudine,
945 2580 1093 2645 vitiorum

144 2692 246 2741 mater
260 2686 292 2740 et
306 2678 423 2740 nutrix.
468 2677 513 2738 Et
533 2675 683 2759 quoniam
699 2696 815 2759 parens
829 2677 925 2739 altrix
940 2679 1092 2744 virtutum

143 2795 175 2846 ct
190 2781 368 2843 officiorum
384 2779 575 2842 moderatrix
590 2777 808 2860 philosophia,
822 2799 887 2840 non
903 2781 1001 2844 modo
1016 2779 1095 2846 fide-

142 2884 232 2956 lium,
249 2882 305 2945 sed
326 2883 420 2944 etiam
442 2880 607 2961 gentilium
624 2878 794 2942 verissimis
817 2893 849 2943 et
871 2880 1093 2948 eruditissimis

141 2982 318 3045 rationibus
344 2980 475 3043 damnat
500 2988 533 3042 et
562 2977 742 3041 detestatur.
795 2979 978 3044 Praescribit
1006 2984 1093 3046 enim

143 3083 296 3166 quoniam
322 3082 399 3145 utile
420 3091 453 3144 et
474 3081 643 3143 honestum
670 3100 704 3142 se
727 3079 955 3163 praedicatione
981 3094 1092 3149 mutua

141 3184 419 3260 circumscribunt,
434 3194 469 3245 ut
483 3182 563 3244 nihil
585 3180 679 3243 unius
701 3179 846 3245 admittat
858 3203 987 3261 nomen,
1002 3187 1090 3272 quod

141 3305 207 3347 non
238 3295 272 3347 et
299 3284 431 3347 alterius
460 3283 569 3364 exigat
597 3282 761 3345 rationem.
820 3284 897 3346 Hoc
926 3285 1091 3374 utriusque

143 3385 325 3449 testamenti
347 3385 459 3448 astruit
479 3384 606 3466 pagina,
628 3379 688 3445 hoc
716 3403 859 3447 consona
880 3405 960 3449 voce
982 3390 1092 3453 matris

141 3485 286 3549 ecclesiae
301 3484 449 3548 doctores
464 3479 650 3566 praedicaut,
664 3481 816 3565 quoniam
832 3504 905 3567 quse
919 3483 1092 3554 inhonesta

141 3601 173 3651 ct
194 3587 300 3669 turpis
321 3597 407 3662 sunt,
421 3582 626 3667 dispendium
647 3582 777 3667 quidem
799 3586 909 3649 salutis
931 3587 1090 3669 ingerunt,

142 3701 174 3753 et
189 3690 279 3751 nulls
292 3687 413 3750 ratione
428 3699 563 3770 possunt
578 3705 649 3748 esse
668 3686 767 3750 utilia
813 3686 900 3759 Quid
915 3689 1002 3751 enim
1017 3711 1090 3773 pro·

141 3790 222 3853 derit
233 3788 367 3865 homiui,
378 3788 405 3850 si
417 3787 571 3850 mundum
582 3787 722 3849 lucretur
731 3786 922 3864 universum,
933 3800 966 3851 et
976 3791 1091 3856 animae

141 3911 208 3953 suae
233 3888 457 3952 detrimentum
485 3886 673 3971 conquirat?
711 3888 777 3951 Sed
802 3887 844 3951 ad
870 3910 978 3952 rocem
1004 3892 1089 3958 hanc

140 3992 289 4072 vulgares
317 3990 412 4053 amici
442 3988 687 4068 obsurdescunt,
712 3988 767 4073 qui
791 3992 901 4055 volunt
925 3993 1092 4059 beneficiis

140 4092 285 4174 obligari,
298 4111 363 4153 non
386 4091 539 4174 obligare,
559 4090 613 4173 qui
633 4089 730 4153 fidem
748 4091 949 4155 umbratilem
968 4095 1090 4173 (veram

139 4193 225 4254 enim
246 4212 311 4254 non
330 4191 464 4270 habent)
482 4202 608 4275 ponunt
629 4200 661 4254 et
683 4190 848 4275 deponuut
866 4192 908 4255 ad
927 4196 1090 4259 arbitrium

137 4294 284 4372 fortunae,
298 4293 354 4375 qui
377 4304 413 4356 ut
434 4293 706 4376 qualitercumque
721 4294 840 4372 vivant,
855 4293 993 4369 vivendi,
1018 4316 1089 4377 quoe
1158 4351 1166 4364 ‚

138 4415 238 4476 penes
266 4395 366 4458 solam
392 4396 534 4457 virtutem
566 4404 650 4470 sunt,
679 4394 834 4475 abjiciunt
856 4414 977 4457 causas.
1023 4397 1096 4464 Er-¹
