3034 5500
287 737 485 818 llos-64]
674 758 853 803 samsona.
1180 751 1240 810 169

343 967 570 1032 EPISTOLA
595 967 786 1032 CXX—sn
801 987 1030 1033 snnxrsnnmr
1046 989 1168 1036 asem.

473 1127 477 1134 '
528 1119 668 1181 Domirw
684 1122 784 1202 Popoe
802 1120 994 1185 Aleoandro.

323 1253 557 1319 Verissimus
579 1253 677 1318 lrater
697 1268 804 1319 noster
826 1256 992 1321 Robertue
1014 1257 1237 1323 Bathoniensis

279 1355 451 1440 episcopus
473 1354 589 1420 dilecto
611 1354 676 1419 filio
697 1369 820 1433 nostro,
837 1356 923 1421 fideli
944 1372 1049 1423 vestro
1072 1359 1237 1424 Willelmo

279 1456 397 1522 Cumin
413 1457 576 1522 ecclesiam
593 1459 633 1522 de
650 1458 755 1523 Cerdo
770 1459 921 1536 restituit,
938 1461 1037 1545 juxts
1051 1461 1235 1526 mandatum

279 1557 502 1622 misericordias
530 1574 652 1635 cestrie,
677 1583 743 1646 quo
770 1561 994 1647 praeceperatis
1018 1561 1149 1626 eandem
1177 1563 1236 1628 sibi

278 1659 492 1746 appellatione
522 1676 643 1726 remota
673 1661 810 1738 restitui,
837 1662 862 1725 si
892 1661 997 1747 ipsum
1028 1661 1236 1728 Dunelmensi

278 1760 420 1825 ecclesius
442 1761 534 1846 plene
556 1761 742 1826 satisfecisse
764 1775 933 1826 constaret.
979 1762 1106 1827 Dicitur
1128 1776 1235 1827 autem

278 1861 413 1926 clericus
428 1863 557 1948 quidam
575 1863 701 1927 nomine
717 1867 755 1929 A.
772 1875 808 1928 ut
823 1861 883 1926 hoc
899 1861 1084 1927 beneficium
1101 1862 1236 1928 clemen·

279 1963 333 2027 tiae
349 1978 463 2029 vestrae
487 1965 625 2029 infirmet
648 1964 689 2031 ed
712 1965 820 2028 sedem
841 1965 1046 2050 apostolicam
1068 1965 1234 2051 proticisci.

281 2065 349 2129 Nos
371 2064 480 2152 itaque
497 2090 575 2152 quas
598 2089 767 2152 possumus
788 2066 945 2151 majestati
969 2079 1083 2130 vestrae
1104 2089 1161 2153 pro
1178 2068 1234 2134 W.

278 2186 388 2249 preces
403 2166 596 2251 porrigimus
612 2165 839 2253 supplicantes,
856 2179 890 2230 ut
911 2165 998 2252 quod
1015 2165 1042 2229 ei
1059 2167 1234 2232 misericor·

278 2265 363 2331 diter
378 2268 521 2332 conferre
533 2267 665 2354 dignata
677 2282 726 2332 est
738 2267 863 2332 bonitas
879 2282 994 2347 vestra,
1009 2266 1146 2333 fideliter
1160 2293 1234 2334 con·

276 2390 400 2432 serrare
423 2369 585 2455 dignetur,
607 2385 637 2434 et
667 2382 703 2434 ut
725 2371 830 2456 ipsum
854 2369 886 2433 iu
909 2370 1117 2457 petitionibus
1138 2373 1234 2458 justis

276 2474 449 2536 clementer
464 2472 611 2538 audiatis.

320 2730 558 2798 EPISTOLA
582 2729 809 2795 cxxi-ro
823 2750 1053 2794 snsxrnnnnsr
1070 2750 1188 2795 eursu.

526 2884 661 2946 Domino
676 2884 778 2964 Popae
793 2881 987 2943 Alecondro.

323 3037 366 3100 lu
381 3032 528 3097 omnibus
542 3055 617 3119 quur
632 3030 730 3117 gessit
747 3029 871 3093 bonitas
882 3040 999 3102 vestra,
1009 3027 1087 3091 nihil
1103 3027 1233 3093 domino

276 3138 344 3222 regi
368 3136 545 3221 Anglorum
566 3138 691 3221 gratius
710 3147 758 3199 est
780 3131 933 3222 beneficio
955 3131 1042 3218 quod
1068 3130 1233 3197 Willelmo

277 3242 397 3308 Cumin
417 3240 503 3304 fideli
523 3253 629 3304 vestro
651 3238 896 3303 misericorditer
915 3233 1128 3323 impendistis
1160 3238 1233 3303 Hoc

275 3358 383 3409 sutem
407 3343 523 3407 nititur
540 3363 693 3407 evacuare
716 3343 813 3406 frater
836 3339 965 3426 quidam
989 3341 1114 3404 nomine
1137 3343 1175 3406 A.
1191 3342 1233 3406 de

276 3443 396 3524 Cerdo,
411 3444 532 3508 utinam
553 3442 691 3508 melioris
714 3442 789 3506 vitae
803 3453 836 3505 et
856 3439 1035 3525 integrioris
1052 3440 1167 3506 famael
1199 3457 1232 3509 et

276 3548 473 3633 majestatem
502 3557 638 3609 vestram
669 3542 790 3608 levitati
821 3555 853 3606 et
882 3542 1116 3619 inconstantiae,
1143 3544 1232 3630 quod

275 3647 371 3723 absit,
403 3647 548 3713 submitti
583 3645 754 3710 desiderat.
803 3642 947 3721 Rectius,
983 3656 1083 3729 pater,
1115 3646 1231 3723 fuerat,

275 3754 404 3818 omnino
415 3774 478 3815 non
494 3749 606 3814 audire
621 3749 820 3826 clamantem,
833 3770 930 3834 quam
945 3748 1045 3832 gratis
1059 3748 1233 3817 destituere

275 3850 473 3925 restitutum,
497 3863 529 3915 et
551 3851 672 3935 absque
693 3848 788 3934 culpe
814 3847 950 3934 dejicere
973 3847 1112 3933 legitime
1134 3851 1234 3935 possi.

274 3954 414 4019 dentem.
459 3951 587 4018 Placeat
610 3974 687 4036 ergo
708 3951 886 4035 dignationi
909 3963 1022 4014 vestrae
1042 3952 1131 4037 juste
1157 3976 1231 4018 con·

275 4078 399 4121 servare
419 4055 509 4141 quod
533 4051 779 4119 misericorditer
800 4053 990 4126 contulistis,
1014 4066 1045 4117 et
1069 4053 1173 4139 ipsum
1196 4058 1229 4121 in

275 4159 487 4246 petitionibus
496 4157 594 4244 justis
609 4156 783 4222 clementer
798 4156 916 4220 audite.
956 4158 1005 4219 De
1021 4168 1135 4220 caetero
1150 4160 1232 4244 epis-

275 4285 372 4348 copus
387 4260 594 4328 lexoviensis
608 4258 740 4323 malleus
757 4256 937 4343 iniquitatis
951 4269 999 4321 cet
1013 4257 1053 4320 ad
1069 4271 1231 4322 conteren.

275 4364 346 4429 dam
363 4364 528 4429 ecclesiam
547 4364 625 4434 Dei3
650 4361 701 4425 bic
713 4361 744 4424 in
758 4383 809 4424 me
821 4380 994 4445 pauperem
1011 4370 1130 4423 tantam
1148 4360 1231 4444 rogis
