3034 5500
145 783 258 863 llud]
539 797 717 842 usrsrouar.
1043 784 1105 842 Μ

138 952 207 1016 bris
223 963 286 1029 est,
301 961 335 1015 et
359 953 450 1014 besto
474 950 624 1025 Drausio,
638 949 680 1012 ad
702 970 797 1033 quem
814 948 1003 1028 confugiunt
1024 968 1103 1029 pug-

140 1053 258 1130 naturi,
272 1063 307 1116 et
320 1054 418 1116 beato
433 1051 589 1132 Gregorio
606 1048 798 1131 Anglicanoe
820 1049 965 1114 ecclesia
987 1047 1103 1111 sunda·

139 1154 214 1228 tori,
240 1153 299 1237 qni
324 1154 360 1217 iu
386 1152 500 1217 eadem
531 1153 608 1214 urbe
636 1150 820 1235 requiescit,
846 1170 983 1232 agonem
1007 1170 1101 1212 sunm

140 1256 296 1338 precibus
310 1253 558 1319 commendaret
605 1253 665 1316 Est
681 1264 787 1316 antem
810 1254 923 1315 beatus
946 1251 1102 1314 Drausius

141 1356 391 1437 gloriosissimus
406 1356 589 1431 consessor,
605 1355 672 1439 qui,
686 1355 772 1418 sicut
794 1353 909 1416 Franci
925 1364 959 1416 et
982 1351 1099 1415 botha-

144 1454 228 1536 ringi
244 1455 392 1533 credunt,
405 1455 542 1540 pugiles,
554 1455 608 1538 qni
624 1455 666 1517 ad
681 1453 866 1517 memoriam
882 1451 951 1534 ejus
966 1474 1100 1537 pernoc-

143 1567 224 1633 tant,
238 1555 348 1621 reddit
361 1557 508 1634 invictos,
525 1567 560 1619 ut
573 1567 607 1619 et
621 1556 662 1619 de
686 1553 874 1635 Burgundio
895 1567 928 1616 ct
952 1554 1046 1616 ltalia
1066 1554 1101 1615 in

142 1657 199 1720 tuli
214 1656 406 1722 necessitate
421 1655 622 1737 confugiatur
644 1655 686 1718 sd
708 1654 826 1735 ipsum.
872 1654 958 1716 Nam
979 1665 1012 1717 et
1035 1653 1100 1716 Ro·

142 1758 253 1822 bertus
269 1757 310 1822 de
325 1758 515 1822 Montelorti
537 1759 565 1822 ei
588 1756 787 1839 pernoctavit
808 1755 960 1818 adversus
982 1755 1102 1818 Henri·

143 1879 219 1924 curn
249 1859 291 1924 de
323 1859 462 1924 Essexia
491 1858 708 1923 dimicaturus.
769 1857 823 1920 Sic
853 1878 928 1939 ergo
962 1857 1102 1921 Domino

143 1959 284 2024 treisma
299 1959 412 2024 delusa
426 1970 475 2025 est
487 1959 670 2024 sollicitudo
692 1954 916 2044 episcoporum
939 1956 1103 2038 regalium,

144 2061 349 2144 quicquum
374 2061 535 2124 venissent
562 2060 799 2134 pontiniacum,
826 2059 1102 2142 archiepiscopum

146 2183 243 2247 quem
259 2162 459 2245 appellarent
473 2181 538 2224 non
552 2161 752 2235 invenerunt,
767 2157 823 2223 sed
839 2159 978 2224 smstrati
994 2180 1013 2222 a
1030 2179 1102 2239 pro·

145 2264 256 2348 posito
271 2284 330 2327 sno
345 2262 462 2326 reversi
476 2272 563 2340 sunt,
578 2262 700 2344 queruli
724 2261 802 2345 quia
824 2283 881 2325 sua
896 2281 1104 2343 consumpse·

148 2377 231 2444 rant,
245 2366 477 2440 laboraverant,
492 2374 525 2428 et
539 2385 604 2426 non
620 2364 825 2446 perfecerant.

190 2466 468 2550 Arcbiepiscopus
484 2486 558 2528 vero
581 2486 679 2548 quum
701 2466 733 2528 in
756 2464 897 2549 praefatis
919 2475 1104 2528 sanctorum

145 2567 313 2632 memoriis
321 2567 427 2630 triduo
439 2576 668 2651 pernoctasset,
677 2566 730 2631 die
742 2567 889 2649 proxima
900 2578 974 2647 post
987 2567 1105 2627 Ascen-

148 2670 276 2734 sionem
299 2689 408 2732 versus
433 2667 633 2731 veziliacum
656 2669 858 2751 properabat,
873 2676 910 2728 ut
930 2666 974 2728 ibi
996 2665 1030 2726 in
1053 2663 1105 2727 die

149 2772 360 2836 Pentecostss
374 2771 409 2834 iu
423 2791 541 2850 regem,
553 2782 586 2833 et
598 2791 672 2833 suos
687 2768 898 2833 anathematis
912 2766 1104 2830 sententiam

149 2872 319 2951 daretsed
334 2882 415 2937 nutu
430 2871 539 2936 divino
554 2873 699 2952 contigit,
710 2883 746 2935 ut
761 2871 837 2932 dum
852 2880 937 2932 esset
951 2870 984 2931 in
1000 2869 1104 2931 eccle·

148 2972 200 3037 sis
243 2972 432 3054 Regineusi,
467 2973 525 3036 Vl.
564 2973 642 3035 feria
680 2970 869 3057 jamdictam
906 2967 1106 3051 praecedente

149 3072 395 3145 solemnitatem,
411 3072 598 3134 nunciatum
615 3082 700 3134 esset
713 3070 744 3133 ei
764 3068 939 3132 certissime
963 3077 997 3130 et
1011 3066 1106 3129 veris·

149 3173 231 3237 sime
246 3170 336 3257 quod
356 3193 413 3235 rex
428 3174 603 3255 Anglornm
628 3172 814 3254 gravissima
834 3171 1000 3233 laborabat
1022 3166 1106 3230 infir-

151 3274 274 3353 mitate,
301 3285 338 3338 nt
367 3275 409 3337 ad
438 3276 634 3358 colloquium
665 3274 748 3356 regis
783 3272 990 3348 Francorum,
1019 3269 1106 3355 quod

152 3377 255 3440 multo
285 3374 456 3446 desiderio.
486 3386 518 3439 et
546 3377 670 3459 magnis
707 3376 893 3438 muneribus
921 3373 1110 3458 expetierat,

152 3476 310 3541 accedere
324 3499 389 3542 non
405 3477 556 3561 potuerit,
567 3475 623 3540 sed
639 3477 759 3540 miserit
773 3491 981 3541 excusatores
997 3470 1109 3538 Ricar-

153 3575 232 3640 dum
247 3577 484 3641 Pictariensem
499 3586 532 3640 et
549 3573 722 3640 Ricardum
746 3574 787 3639 de
805 3577 948 3654 Humaz,
963 3577 1019 3659 qui
1034 3597 1108 3639 cau·

153 3698 220 3743 curn
237 3678 321 3742 banc
336 3680 491 3742 absentie
507 3679 587 3763 ejus,
599 3678 739 3763 prestito
748 3679 947 3763 juramento,
959 3680 1109 3741 volebant

153 3790 304 3846 munere.
349 3779 424 3843 Hac
439 3802 515 3862 ergo
529 3782 651 3866 ratione
674 3801 775 3863 quum
797 3781 859 3845 hoc
883 3802 939 3864 per
961 3780 1109 3844 nuntium

155 3882 255 3965 Regis
280 3879 478 3946 Francorum
506 3882 698 3946 innotuisset
723 3882 977 3967 archiepiscopo,
998 3882 1033 3943 in
1063 3904 1111 3946 re·

155 4004 228 4065 pem
240 3981 431 4048 sententiam
441 3982 522 4046 ferre
533 3982 668 4060 distulit,
678 3982 762 4046 sicut
777 3983 894 4046 ciente
910 3984 1113 4047 consuluerat

155 4086 299 4149 Joannes
314 4094 420 4147 vester
441 4084 589 4161 suadens,
603 4105 645 4147 ns
660 4084 703 4148 ad
720 4084 940 4168 paenitentiam
963 4103 1112 4167 propera·

155 4196 210 4249 ret.
254 4186 415 4250 Joannem
441 4207 514 4249 vero
542 4184 582 4249 de
605 4184 804 4249 Oxeneford.
831 4185 962 4269 publice
990 4185 1112 4248 denun-

152 4286 245 4350 tiavit
258 4284 590 4363 excommunicatum,
601 4295 635 4347 et
649 4285 838 4347 auctoritate
852 4284 991 4347 Romani
1006 4284 1111 4365 ponti·

154 4386 224 4454 licis
239 4386 540 4464 excommunicavit,
556 4399 590 4449 nt
605 4384 711 4448 verbis
731 4384 801 4466 ejus
817 4395 898 4461 utar,
913 4404 952 4447 eo
976 4383 1063 4467 quod
1080 4384 1113 4444 in

607 4506 628 4556 o
643 4490 664 4547 2
