3034 5500
144 762 329 842 titt-8]
540 779 719 826 celerose.

433 998 656 1064 EPISTOLA
680 1000 816 1064 XXXV.

188 1135 430 1198 Passennus
456 1132 659 1197 attestatione
683 1142 794 1197 notum
817 1134 954 1200 facimus
974 1135 1102 1199 univer-

142 1233 230 1300 sitati
257 1244 384 1309 vestrae,
411 1231 652 1310 controversias,
680 1257 754 1320 quae
780 1233 861 1298 inter
890 1234 1100 1300 venerabilem

143 1336 274 1401 fratrem
287 1347 433 1399 nostrum
450 1332 626 1398 Ricardum
639 1333 892 1401 londoniensem
904 1337 1100 1424 episcopum,

143 1451 176 1504 et
209 1434 385 1502 ilenrioum
423 1433 465 1499 de
504 1434 670 1501 londonia
699 1437 915 1516 vertebantur,
944 1437 1100 1503 amicabili

143 1539 374 1626 compositione
402 1537 437 1602 in
466 1537 552 1602 bunc
582 1538 712 1604 modum
735 1562 802 1603 esse
825 1541 954 1627 sopitas.
1000 1538 1101 1605 Nobis

144 1639 301 1727 siquidem
311 1637 529 1704 assidentibus
537 1639 614 1706 viris
622 1639 858 1708 venerabilibus
868 1642 1013 1708 Roberto
1026 1641 1102 1706 Lin-

144 1741 308 1814 oclnieusi,
326 1740 492 1806 Willelmo
509 1742 717 1819 Norwicensi,
734 1742 901 1809 Gileberto
924 1741 1103 1825 Hereford„

147 1857 182 1909 et
208 1842 336 1907 Hilario
359 1843 547 1910 cicestrensi
573 1842 740 1931 episcopis,
764 1844 850 1909 idem
882 1847 1042 1910 Henricus
1070 1846 1101 1911 in

149 1944 258 2011 medio
271 1944 461 2010 contendens
475 1945 636 2011 asserebat
653 1946 942 2012 archidiaconatum
960 1946 1103 2015 Coleces·

149 2063 299 2125 trensemt
314 2061 347 2112 et
361 2047 506 2113 ecclesias
527 2048 569 2113 de
592 2047 748 2113 Fuleham
765 2063 796 2114 et
819 2050 993 2116 Stubeham
1012 2051 1101 2137 juste

147 2150 206 2214 sibi
221 2162 413 2237 competere,
429 2163 462 2215 et
477 2150 581 2237 ipsum
597 2150 782 2237 episcopum
804 2152 903 2216 teneri
925 2152 1099 2217 obnoxium

147 2253 186 2318 ad
207 2275 263 2317 sex
286 2252 384 2318 libras
405 2251 569 2318 annuatim
592 2252 652 2317 sibi
675 2252 908 2340 persolvendas,
923 2268 955 2320 et
970 2255 1100 2319 adhaec

145 2354 352 2420 incontinenti
360 2354 667 2439 probandaettestes
675 2354 1102 2441 produere,etinstrumenta

146 2455 290 2542 proferre
303 2468 437 2541 paratus
451 2470 530 2520 erat.
576 2456 711 2521 Factum
733 2469 782 2520 est
803 2458 912 2542 itaque
935 2456 1101 2543 utriusque

147 2557 246 2644 partis
260 2578 404 2635 assensu,
419 2569 527 2621 nostra
545 2557 774 2622 interveniente
795 2561 996 2636 auctoritate,
1012 2557 1100 2643 quod

147 2659 312 2742 Rogerurn
329 2657 359 2722 le
374 2661 464 2723 Brun
480 2657 642 2724 ecclesiam
658 2658 699 2723 de
715 2659 883 2735 Fuleham,
900 2683 995 2747 quam
1017 2674 1101 2724 tene·

145 2761 212 2839 bat,
227 2761 261 2826 in
277 2782 374 2826 manu
397 2760 537 2848 episcopi
559 2773 671 2846 sponte
686 2761 850 2838 refutavit,
866 2776 897 2827 et
917 2762 1001 2826 idem
1020 2762 1101 2847 epis-

144 2884 243 2949 copus
258 2862 366 2926 statim
383 2882 452 2924 eum
467 2860 623 2946 praedicto
640 2861 783 2925 Henrico
797 2862 963 2940 concessit,
976 2874 1007 2926 et
1027 2861 1100 2925 inde

145 2985 220 3028 earm
242 2962 417 3042 investivit,
439 2961 498 3027 bae
526 2964 646 3028 inserta
671 2962 864 3038 conditione,
888 2962 977 3049 quod
999 2985 1099 3049 quum

143 3065 230 3130 idem
240 3063 558 3151 Rogemseoelesiam
568 3064 608 3128 de
616 3065 791 3130 stubeham
802 3078 904 3130 morte
912 3076 969 3129 aut
977 3077 1103 3150 sponte,

146 3164 199 3232 vel
212 3187 418 3251 quacumque
433 3164 554 3229 ratione
570 3178 676 3230 tenere
691 3164 833 3243 desierit,
849 3165 1010 3231 Hearicus
1030 3188 1101 3231 eam

146 3267 230 3332 sicut
245 3289 332 3332 suam
348 3266 447 3332 libere
462 3268 606 3353 recipiet,
621 3279 653 3332 et
667 3280 741 3354 post
756 3268 918 3332 ecclesiam
940 3268 982 3333 de
1005 3269 1101 3335 Fule-

146 3369 220 3434 barn
243 3368 392 3455 episcopo
414 3367 642 3442 [caduniensi
668 3370 725 3454 qui
746 3392 806 3455 pro
828 3388 970 3456 tempore
988 3371 1098 3446 luerit,

147 3469 330 3553 resignabit.
375 3472 421 3535 Et
445 3468 515 3533 lsaee
530 3472 656 3535 volente
677 3474 806 3556 Rogero
828 3494 887 3557 pro
910 3473 993 3536 bono
1014 3474 1101 3559 pacis

147 3570 362 3637 consentiente
385 3571 470 3636 facta
494 3584 581 3648 sunt,
597 3570 666 3656 ipso
691 3583 722 3634 et
746 3570 879 3649 decano,
903 3587 935 3637 et
958 3574 1101 3661 capitulo

145 3672 285 3739 ecclesiae
296 3673 383 3737 beati
398 3672 491 3738 Pauli
501 3673 712 3737 londoniensi
724 3687 881 3758 presente
890 3688 922 3739 et
931 3690 1100 3757 annuente,

147 3774 280 3840 undeet
302 3772 464 3839 Henricus
481 3787 614 3861 propter
634 3775 702 3839 baec
725 3776 905 3840 memoratis
919 3794 1100 3842 controver-

146 3875 199 3940 siis
219 3876 351 3941 omnino
374 3875 579 3955 renuntiavit,
599 3888 632 3939 et
654 3876 803 3962 episcopo
828 3878 969 3962 plenarie
995 3901 1102 3944 recon-

146 3976 271 4059 ciliatus
284 3990 346 4057 est,
360 3975 407 4041 ita
421 3977 509 4065 quod
525 3976 693 4063 episcopus
707 3991 739 4041 et
754 3975 885 4041 ecclesia
898 3978 970 4063 ejus
983 3980 1102 4047 chartis

144 4078 306 4145 suishanc
322 4076 582 4163 compositionem
598 4075 716 4142 debent
736 4078 931 4142 confirmare.
977 4081 1022 4145 Et
1044 4104 1102 4146 nos

145 4182 243 4267 igitur
267 4184 372 4269 ipsam
398 4180 587 4245 auctoritate
612 4179 695 4244 sedis
717 4180 912 4268 apostolicae,
925 4180 1018 4265 cujus
1033 4183 1100 4246 vice

142 4285 324 4373 fungimur,
338 4282 534 4357 roboramus,
547 4295 577 4345 et
590 4281 804 4347 inconvulsam
818 4303 943 4345 manere
960 4279 1103 4367 praecipi-

140 4408 219 4455 llus,
