3034 5500
139 726 341 806 llos-65]
539 741 717 789 aersroue.
1039 733 1098 792 191.

133 920 193 982 pro
221 898 320 961 uobis
348 893 589 960 Cantuariensis
613 898 758 959 ecelesiae
784 910 905 961 amator
930 898 1101 979 Adrianus,

132 1001 226 1085 cujus
241 1011 345 1064 mater
359 998 446 1083 apud
462 1000 634 1080 vosalgore
651 1007 817 1083 torquetur
831 1011 863 1063 et
878 999 995 1064 inedia.
1027 1004 1097 1064 Nos

135 1103 289 1175 humiles,
313 1103 439 1183 inopes,
457 1101 630 1177 immuniti,
646 1103 792 1187 nunquid
811 1103 987 1188 poterimus
1008 1107 1103 1167 verba

136 1205 213 1268 dare
229 1201 409 1267 Romanis?
438 1204 480 1265 Αι
494 1203 541 1265 illi
560 1204 686 1285 pridem
705 1226 796 1267 suum
813 1205 972 1267 comicum
989 1205 1099 1268 audie-

140 1317 227 1379 runt,
244 1314 279 1366 ut
296 1324 359 1365 uon
377 1313 485 1365 emant
499 1322 596 1385 spero
611 1305 724 1386 pretio.

182 1405 248 1470 Sed
270 1405 420 1482 scribitis,
438 1416 473 1467 ut
497 1406 639 1483 tandem,
654 1407 680 1468 si
703 1407 768 1469 alia
789 1407 841 1469 via
862 1428 925 1469 uon
949 1408 1099 1490 patuerit,

139 1509 366 1592 promittamus
382 1507 539 1571 ducentas
551 1529 683 1571 marcas.
715 1509 758 1571 At
773 1519 857 1571 certe
872 1528 946 1590 pars
958 1508 1101 1586 adversa,

138 1621 316 1694 antequam
327 1609 502 1686 frustretur,
511 1620 670 1672 trecentas
680 1608 771 1671 dabit
780 1620 834 1671 aut
844 1608 1106 1692 quadringentas,

284 1723 343 1777 Nec
355 1725 378 1777 si
390 1723 539 1777 muneribus
551 1730 644 1788 certas
659 1725 783 1778 concedet
794 1723 875 1776 lolss.

141 1833 257 1914 Etego
267 1831 447 1914 respondeo
457 1852 515 1915 pro
525 1831 786 1914 Romanis,quod
796 1852 855 1914 pro
864 1852 970 1894 amore
980 1829 1102 1893 domini

141 1935 240 2014 regis,
255 1943 289 1996 et
301 1934 478 1996 reverentia
492 1934 685 1996 nunciorum
707 1935 839 1996 mallent
853 1934 927 2018 plus
950 1934 1103 2017 recipere,

142 2055 239 2120 quam
262 2056 389 2118 sperare
413 2036 528 2097 minus·
575 2030 665 2097 Facit
685 2045 792 2097 autem
814 2055 871 2118 pro
895 2029 995 2112 vobis,
1016 2034 1103 2118 quod

141 2158 200 2221 pro
228 2136 376 2199 libertate
404 2135 551 2199 ecclesias
581 2131 790 2214 tribulamini,
817 2136 874 2198 sed
901 2135 1100 2199 honestatem

143 2260 252 2303 causae
264 2249 382 2301 nostras
397 2246 610 2299 extenuantes
622 2251 827 2301 excusatores
842 2239 936 2320 regis,
948 2250 981 2302 et
996 2239 1102 2303 aemuli

144 2340 254 2417 vestri,
269 2339 332 2402 hoc
355 2338 522 2402 temeritati
540 2359 634 2422 quam
651 2338 792 2402 libertati
808 2339 909 2423 magis
924 2340 1105 2403 adscribere

145 2441 360 2505 conabuntur.
398 2438 443 2502 Ilt
467 2450 503 2502 ut
525 2439 571 2502 eis
594 2439 688 2503 citius
711 2440 867 2518 credatur,
888 2437 950 2523 ipsi
974 2440 1104 2505 domino

145 2565 251 2628 pupas,
262 2542 338 2627 quia
348 2560 450 2603 venus
459 2544 559 2622 hujus
569 2543 714 2605 susurrii
720 2542 792 2621 jam
805 2541 912 2605 audiit
922 2546 1014 2606 auris
1025 2563 1105 2619 mea,

146 2643 271 2709 dabunt
293 2663 384 2726 spem
409 2640 558 2707 veniendi
583 2639 615 2706 in
640 2640 801 2725 Angliam,
824 2642 998 2727 dicentque
1024 2645 1104 2725 regii

146 2747 204 2810 filii
220 2744 352 2809 dilatam
368 2743 618 2820 coronationem,
635 2758 670 2808 ut
686 2733 782 2807 manu
801 2744 978 2827 apostolica
993 2766 1105 2806 conse·

148 2861 265 2925 cretur,
293 2857 325 2910 et
351 2843 460 2911 sciatis
485 2846 613 2910 adhoc
641 2856 809 2930 promptos
835 2866 905 2907 esse
931 2846 1104 2908 Romanos.

147 2950 225 3014 Jam
240 2949 327 3013 enim
343 2949 473 3032 quidam
489 2949 584 3013 uobis
598 2949 765 3025 insultant,
781 2946 925 3010 dicentes
941 2945 1103 3008 dominum

148 3073 267 3135 papam
290 3048 330 3113 ad
354 3049 619 3113 Cantuariensem
641 3048 812 3111 ecclesiam
836 3066 1049 3124 accessurum,
1071 3058 1106 3109 ut

149 3162 278 3217 moveat
292 3150 519 3215 candelabrum
543 3164 691 3227 vestrum,
707 3149 815 3233 ibique
838 3144 1036 3232 aliquamdiu
1057 3170 1106 3211 se·

151 3255 233 3319 dent.
272 3252 343 3316 Nec
368 3264 474 3316 tamen
502 3252 609 3331 credo,
632 3251 719 3336 quod
742 3250 893 3314 dominus
915 3271 1001 3334 papa
1023 3249 1105 3314 istud

151 3356 257 3420 adhuc
280 3356 472 3438 conceperit.
511 3352 608 3432 Nam,
624 3368 659 3417 ut
678 3353 786 3432 audio,
808 3355 939 3417 multam
961 3352 1030 3436 ejus
1049 3370 1106 3435 pro

151 3458 331 3522 constantia
354 3470 457 3520 vestra
471 3457 596 3520 habetis
615 3457 756 3538 gratiam.
797 3456 862 3519 Sed
878 3478 976 3519 unum
996 3457 1107 3539 procul

153 3561 251 3624 dubio
267 3562 347 3637 scio,
359 3560 434 3643 quia
447 3559 668 3635 Lexoriensis,
681 3560 707 3621 si
724 3559 856 3633 venerit,
869 3556 949 3621 nihil
966 3579 1105 3621 asserere

153 3663 318 3726 verebitur.
350 3660 457 3724 Notus
469 3663 552 3723 enim
569 3661 648 3723 milri
664 3677 722 3738 est,
734 3670 767 3723 et
781 3661 815 3722 in
828 3661 942 3723 talibus
956 3672 1108 3744 expertus

154 3785 222 3827 sum
234 3764 303 3848 ejus
314 3763 466 3826 fallacias.
494 3763 546 3825 De
559 3764 674 3825 abbate
687 3762 757 3846 quis
767 3759 911 3825 dubitat?
932 3761 1107 3825 Postmodo

155 3868 281 3951 scripsit
304 3867 382 3929 mihi
405 3867 578 3950 episcopus
601 3865 822 3941 Pictavieusis,
845 3863 932 3949 quod
956 3864 1107 3927 adversus

157 3970 306 4032 abbatem
328 3969 360 4031 S·
385 3968 554 4048 Augustini
580 3968 658 4029 nibil
682 3977 829 4049 potuerat
849 3967 1028 4047 impetrare,
1048 3965 1107 4028 etsi

157 4072 324 4153 plurimam
342 4068 482 4132 dedisset
498 4089 637 4149 operatu.
671 4068 794 4130 Ibimus
810 4080 914 4131 tamen
930 4066 1018 4144 illuc,
1034 4087 1107 4130 auc·

157 4186 219 4235 tore
235 4173 320 4248 Deo,
336 4171 487 4254 quoniam
511 4170 557 4231 ita
574 4168 766 4252 praecipitis,
782 4179 815 4231 et
837 4168 915 4252 quid
937 4168 1107 4250 possimus,

159 4275 370 4358 experiemur.
401 4271 465 4335 Sed
478 4273 503 4334 si
520 4272 644 4345 frustra,
655 4272 750 4333 nobis
766 4271 912 4352 imputari
925 4289 988 4330 uon
1002 4267 1107 4343 debet,

160 4377 318 4457 quoniam,
337 4386 371 4437 ιιι
387 4373 432 4436 ait
448 4373 589 4435 ethicus:
