3034 5500
141 762 253 842 tlon]
534 776 710 822 arrsrosn.
1034 763 1097 823 269

139 929 230 1016 quod
245 927 287 992 ad
303 925 447 991 animum
461 925 492 990 in
504 924 643 990 adversis
657 925 856 1009 erigendum,
870 939 904 991 et
916 927 1104 992 Christiano·

137 1031 284 1096 ruuodus
292 1040 378 1093 totus
389 1026 520 1091 exilium
530 1039 588 1102 est,
598 1025 675 1089 dum
686 1027 934 1112 peregrinatura
945 1028 1097 1106 Domino,

140 1143 180 1198 ut
201 1152 380 1218 numquam
403 1127 559 1214 prosperis
581 1126 759 1193 extollatur.
806 1130 940 1195 Cessent
961 1154 1037 1216 ergo
1056 1132 1098 1197 de

142 1232 293 1299 ludibriis
307 1231 445 1295 fortunae
460 1227 614 1316 querelas:
637 1230 678 1293 de
694 1229 827 1315 reliquo,
843 1232 920 1296 dum
938 1256 1004 1312 nos,
1020 1257 1100 1320 qua·

142 1349 241 1400 tenus
254 1334 332 1398 lieet
342 1332 599 1421 aquoestionibus
609 1332 833 1418 philosophicis
849 1357 911 1398 non
927 1357 1098 1412 cessemus,

143 1436 372 1520 indulgeamus
406 1434 688 1521 persequutoribus
723 1435 848 1510 nostris,
883 1436 1099 1503 nescientibus

145 1537 280 1604 sortasse
306 1537 382 1625 quid
409 1537 541 1618 iaciunt,
565 1549 599 1600 et
623 1535 763 1622 praelatis
793 1536 1008 1602 Ecclesiarurn
1035 1562 1099 1604 non

146 1641 349 1718 vestratibus,
366 1641 422 1704 sed
438 1639 630 1726 nostratibus
645 1638 727 1719 dico,
742 1638 808 1724 qui,
825 1639 911 1725 quod
928 1640 1007 1704 Caio
1023 1642 1103 1707 Cas·

145 1742 195 1808 aio
212 1742 373 1807 Cicereio
389 1740 522 1826 epistola
533 1741 573 1804 ad
585 1740 723 1804 eundem
736 1741 881 1805 Cassium
896 1741 1100 1829 improperat,

141 1845 213 1931 jam
234 1867 254 1908 o
273 1843 376 1907 multo
397 1857 541 1928 tempore
562 1843 671 1907 virtuti
691 1856 726 1906 et
747 1844 850 1907 officio
871 1867 929 1909 suo
951 1846 1099 1911 nuntium

147 1946 351 2027 remiserunt,
379 1968 440 2010 nec
469 1968 542 2010 curn
573 1945 619 2010 eis
645 1957 742 2029 agant
770 1945 894 2010 deliniti
923 1947 1040 2012 divitiis
1068 1960 1102 2012 et

102 2113 104 2116 Α
147 2048 309 2114 illecebris
328 2047 537 2133 voluptatum.
584 2046 728 2132 Expecto
748 2070 768 2111 a
786 2049 889 2132 gratia
903 2061 1006 2114 restra
1026 2049 1103 2115 resi·

149 2150 252 2215 duum
272 2150 469 2214 Hierarchioe
484 2148 656 2230 transferri,
667 2160 703 2211 ut
714 2163 817 2213 vestro
832 2151 999 2229 beneficio,
1014 2151 1104 2217 robis

149 2252 190 2318 aul
210 2263 364 2316 aeternam
388 2250 533 2335 gloriam,
559 2249 689 2314 Francis
712 2250 777 2314 suis
797 2250 909 2316 beatus
931 2253 1102 2340 Dionysius

151 2353 278 2440 plenius
308 2353 494 2417 innotescat.
550 2351 684 2415 Utinam
714 2353 809 2416 detur
837 2354 916 2417 mihi
946 2354 1033 2420 locus
1062 2355 1104 2420 ad

152 2458 251 2544 pedes
275 2469 395 2521 vestros
420 2469 456 2519 ut
485 2477 558 2519 eum
591 2454 697 2518 Maria
725 2456 858 2520 sedente
886 2480 977 2523 secus
1005 2459 1104 2544 pedes

153 2556 284 2635 Christi,
296 2577 391 2642 quem
405 2555 436 2617 in
447 2554 542 2618 corde
553 2571 655 2618 restro
665 2554 809 2619 habitare
821 2557 957 2634 confido,
968 2560 1105 2625 coelestis

151 2657 271 2724 oraculi
286 2657 384 2721 rerba
395 2668 427 2721 et
438 2678 522 2721 verae
537 2654 745 2742 philosophias
760 2658 933 2721 sententias
947 2660 1104 2745 excipiam

150 2760 193 2826 ab
213 2782 267 2825 ore
288 2771 402 2824 restro.
451 2760 516 2823 Sed
538 2759 598 2822 hoe
618 2757 812 2821 desiderium
837 2781 944 2823 meum
968 2761 1106 2847 impedit

154 2861 332 2947 indignatio
346 2861 429 2946 regis
446 2860 634 2945 Anglorum‚
651 2860 702 2925 cui
717 2860 784 2939 ille,
802 2861 858 2947 qui
879 2862 975 2927 corda
993 2884 1105 2948 regum

154 2965 274 3050 dirigit,
298 2965 418 3030 tribuat
442 2968 468 3028 si
492 2964 598 3050 placet
619 2962 830 3044 intellectum,
853 2977 889 3028 ut
909 2966 1009 3051 sapiat
1032 2989 1106 3054 quae

155 3067 219 3132 Dei
241 3078 325 3132 sunt.
372 3065 504 3129 Interim
527 3064 613 3150 quod
635 3086 764 3150 possum
787 3064 979 3149 dignationis
992 3082 1106 3132 vestroe

155 3168 292 3254 genibus
313 3169 507 3254 provolutus,
522 3168 669 3253 precibus
691 3180 723 3232 et
745 3167 859 3232 litteris
879 3168 970 3253 pulso
988 3170 1109 3255 suppli·

157 3293 243 3353 cans,
269 3284 305 3335 ut
329 3269 362 3334 in
388 3270 590 3356 explananda
618 3269 823 3334 translatione
852 3271 938 3335 beati
963 3271 1109 3359 Dionysii

160 3395 212 3437 me
227 3385 332 3437 vestra
345 3371 508 3437 sinceritas
526 3372 677 3455 dignetur
695 3371 814 3436 audire.
862 3373 916 3436 Ad
934 3374 994 3438 hoc
1008 3397 1111 3462 nuper

160 3474 193 3538 in
208 3473 293 3539 libro
313 3473 400 3538 beati
417 3473 579 3539 Ambrosii
593 3475 635 3538 de
652 3474 874 3538 incarnatione
897 3475 985 3540 verbi
1005 3476 1111 3543 obsta·

160 3576 268 3640 culum
296 3575 412 3660 reperi,
435 3575 521 3662 quod
547 3575 654 3640 nullus
680 3575 901 3659 magistrorum
932 3591 1111 3645 nostrorum

160 3676 276 3741 sufficit
296 3698 454 3757 amovere,
473 3677 550 3763 quia
571 3679 697 3742 Groecae
718 3677 839 3761 linguoe
860 3692 1005 3764 expertes
1026 3693 1109 3748 sunt.

163 3778 1111 3866 HaecautemsuntverbaAmbrosiifacientisquoestionem.

163 3878 296 3946 Ousiam
317 3879 362 3944 ita
380 3880 516 3945 Latinus
536 3882 762 3966 interpretatus
777 3893 837 3960 est,
852 3893 889 3946 ut
903 3883 1112 3950 substantiam

161 3980 290 4047 diceret.
337 3982 438 4049 Ousia
458 3995 565 4047 autern
594 3982 727 4047 Domini
753 4004 854 4068 quum
883 3984 1010 4063 dieitur,
1035 3986 1114 4073 quid

161 4084 248 4149 aliud
268 4083 428 4169 significat
450 4086 510 4149 nisi
533 4085 711 4150 Dominum
736 4108 864 4171 semper
883 4086 979 4151 esse?
1016 4087 1114 4163 Quod

164 4185 279 4252 litteroe
298 4188 377 4273 ipsae
400 4187 593 4273 exprimunt,
611 4187 755 4275 quamvis
775 4187 883 4252 divina
898 4187 986 4253 ousia
1000 4189 1030 4253 ai
1045 4202 1117 4255 acta

164 4288 205 4370 ai,
229 4288 290 4353 hoe
315 4306 365 4355 est
386 4310 486 4375 quum
513 4289 555 4354 sit
579 4311 715 4375 semper,
743 4287 843 4355 Ousia
868 4288 994 4366 dicitur,
1023 4290 1116 4353 unius

148 4388 279 4455 'litteras
294 4402 419 4457 mutato
429 4389 540 4461 ordios
550 4403 681 4478 propter
691 4411 803 4454 sonum
820 4401 853 4452 et
868 4387 1114 4473 competentiam
