3034 5500
282 760 390 844 usu]
547 843 549 848 .
670 779 849 824 nersronrn.
1170 769 1234 828 237

275 941 310 994 et
333 933 422 1015 regis
448 932 644 1013 Anglorum3
682 931 709 995 si
735 951 808 994 vero
833 931 879 995 ita
904 931 1039 1011 sentitis,
1066 953 1105 996 an
1132 936 1234 1014 aliter,

276 1034 409 1118 publice
430 1029 653 1119 profiteamini.
700 1032 762 1097 Cui
786 1035 943 1112 Joannes,
968 1033 1047 1114 Nos,
1064 1034 1178 1119 inquit,
1203 1049 1235 1100 et

276 1132 430 1200 dominus
451 1145 559 1198 noster
585 1134 630 1198 ita
650 1134 871 1216 intelligimus,
894 1146 930 1199 ut
951 1158 1020 1214 vos,
1034 1149 1066 1200 et
1087 1139 1148 1201 sub
1170 1139 1234 1201 hoc

275 1237 458 1315 intellectu,
486 1236 558 1300 vice
587 1238 670 1318 regis
698 1235 800 1299 nostri
826 1236 1007 1320 juramenta
1035 1250 1233 1322 praestamus.

276 1336 366 1409 Quid
377 1337 500 1402 multa?
523 1336 642 1400 exinde
655 1336 806 1400 advorsus
821 1337 998 1400 Dominum
1009 1349 1041 1401 et
1054 1339 1235 1416 ecclesiam,

277 1436 363 1501 sicut
376 1439 410 1501 in
424 1459 462 1501 ea
477 1436 748 1514 confederatione,
763 1458 948 1520 processum
965 1451 1023 1516 est,
1034 1438 1123 1523 quod
1137 1438 1233 1502 etiam

276 1539 408 1622 plenius
428 1538 600 1602 adverteris
620 1559 663 1601 ex
687 1539 801 1602 litteris
823 1539 902 1602 mihi
926 1561 1028 1622 nuper
1053 1560 1073 1602 a
1099 1539 1235 1603 Colonia

276 1636 485 1719 transmissis,
500 1662 635 1725 quarum
658 1640 750 1702 robis
773 1640 968 1723 exscriptum
991 1641 1091 1718 mitto,
1106 1641 1141 1702 in
1164 1642 1233 1724 qui·

277 1742 341 1805 bus
364 1763 424 1805 rex
447 1742 574 1805 nunciis
597 1742 664 1805 suis
686 1741 839 1805 adversus
854 1741 1117 1806 cantuariensem
1141 1742 1233 1805 ituris

276 1843 429 1920 Romam,
444 1843 639 1907 conductum
654 1844 746 1928 petit,
764 1853 796 1906 et
812 1865 877 1927 qua
892 1843 1061 1906 devotione
1077 1844 1232 1906 Romanae

277 1946 425 2010 ecclesiae
451 1945 545 2009 facile
569 1947 758 2010 innotescet.
803 1946 924 2009 Verum
949 1946 983 2007 in
1011 1946 1137 2029 laqueis
1166 1947 1232 2009 suis

277 2045 591 2130 comprehendentur
609 2047 722 2131 iniqui,
741 2057 773 2110 et
795 2048 849 2130 qui
874 2047 958 2111 fratri
983 2046 1105 2110 foveam
1131 2058 1233 2131 parat,

276 2135 401 2211 incidet
413 2149 448 2211 in
472 2169 543 2211 eam
567 2149 663 2229 prior.
710 2149 803 2211 Felix
819 2160 925 2211 tamen
941 2160 988 2210 est
1013 2148 1118 2230 quiin
1136 2148 1232 2213 tantis

275 2247 405 2313 insidiis
429 2250 602 2313 meretricis
618 2271 751 2331 magnae,
767 2261 801 2313 et
822 2251 945 2333 impetu
969 2251 1081 2314 bestiae
1106 2251 1232 2315 consci-

276 2351 398 2415 entiam
429 2372 552 2414 serrare
577 2360 684 2433 potest
708 2361 740 2412 et
768 2350 897 2429 samam,
922 2352 1052 2415 alteram
1080 2350 1234 2428 Domino,

277 2454 411 2518 alteram
433 2453 593 2539 proximo,
608 2465 774 2536 utramque
790 2453 861 2515 sibi.
909 2454 994 2516 Nam
1015 2452 1127 2537 quiex
1145 2453 1234 2537 justa

276 2577 377 2619 causa
402 2555 542 2637 arguitur
568 2555 747 2619 alterutrius
773 2553 980 2636 dispendium
1005 2553 1120 2633 facere,
1145 2554 1232 2618 unde

277 2657 429 2721 solatium
453 2657 582 2734 habeat,
608 2656 669 2718 nisi
692 2655 805 2718 virtute
835 2653 970 2719 redimat
998 2655 1086 2736 quod
1116 2656 1232 2732 amisit,

278 2761 409 2823 omnino
425 2780 489 2822 non
506 2759 609 2822 video.

323 2861 406 2925 Inde
427 2872 478 2925 est
498 2860 586 2946 quod
609 2862 784 2924 novissimo
802 2862 976 2923 litterarum
993 2871 1163 2923 vestrarum
1185 2880 1234 2922 re·

278 2963 444 3047 spondens
470 2963 614 3037 articulo,
639 2983 753 3046 precor
779 2961 931 3024 attentius
956 2981 1014 3043 per
1038 2957 1231 3023 ineffabilem

278 3065 444 3129 cantatam
459 3064 603 3141 Domini,
619 3074 788 3147 quatenus,
803 3063 830 3124 si
847 3062 887 3125 de
909 3082 991 3144 pace
1007 3082 1088 3137 mea,
1103 3061 1153 3124 vel
1175 3082 1234 3143 per

277 3165 551 3231 Archidiaconum
567 3177 714 3242 restrum,
730 3165 779 3225 vel
794 3183 853 3246 per
868 3163 977 3241 alium,
992 3161 1079 3247 quod
1102 3162 1233 3246 quidem

278 3265 438 3343 desidero,
452 3266 639 3329 censueritis
653 3263 827 3345 agendum,
838 3285 908 3328 eam
923 3263 954 3326 in
970 3264 1028 3326 tali
1044 3263 1143 3326 forma
1157 3283 1233 3347 pro-

277 3369 408 3446 curetis,
424 3390 496 3452 quae
517 3367 622 3446 samae,
636 3368 701 3430 imo
717 3366 921 3431 conscientiae
936 3365 1052 3429 samam
1075 3365 1231 3446 integram

278 3469 496 3534 conservantis
525 3489 590 3530 non
620 3467 722 3551 possit
751 3469 861 3530 afferre
888 3465 1101 3549 dispendium.
1145 3467 1233 3539 Quid

278 3572 363 3634 enim
378 3569 546 3654 prodesset
562 3569 719 3632 mundum
734 3569 850 3632 lucrari
867 3568 1057 3645 universum,
1072 3578 1103 3632 et
1126 3567 1160 3630 in
1182 3568 1233 3631 his

278 3668 468 3756 periclitari?
490 3672 536 3735 Et
547 3670 574 3733 si
586 3691 636 3733 me
650 3666 803 3745 sideritis,
816 3669 903 3753 quod
917 3669 1008 3732 Deus
1018 3680 1149 3748 avertat,
1160 3690 1233 3752 pro·

278 3792 355 3834 num
375 3769 418 3834 ad
441 3770 563 3854 aliquid
578 3768 796 3853 turpitudinis,
811 3769 899 3854 quod
922 3770 956 3831 in
979 3769 1041 3832 mei
1064 3769 1233 3847 similibus,

278 3894 364 3956 saepe
376 3893 420 3935 ex
435 3868 628 3946 infirmitate,
640 3891 767 3951 semper
781 3883 886 3934 autem
900 3891 941 3933 ex
953 3870 1049 3952 culpa
1060 3869 1232 3949 contingit,

272 3975 433 4052 sublevet,
462 3994 582 4056 quaeso,
612 3994 664 4035 me
694 3973 829 4036 dextera
859 3984 972 4036 restra.
1025 3968 1096 4053 Ego
1126 3982 1232 4034 autem

278 4075 408 4137 nomine
433 4067 640 4157 turpitudinis
665 4073 799 4136 arbitror
827 4073 982 4135 contineri
1009 4071 1166 4155 quicquid
1191 4072 1232 4135 de

277 4175 434 4240 industria
449 4174 648 4259 praesumitur
665 4184 780 4239 contra
801 4174 987 4237 Dominum.
1033 4175 1124 4237 Licet
1146 4174 1233 4236 enim

278 4289 310 4341 et
324 4277 371 4342 rei
385 4275 551 4340 familiaris
566 4277 723 4357 angustia,
738 4287 772 4339 et
785 4276 994 4357 refrigescens
1016 4275 1131 4338 caritas
1154 4276 1232 4337 ami·

278 4400 388 4444 corum
412 4398 567 4455 meorum,
589 4399 639 4442 me
661 4391 694 4442 et
716 4378 844 4443 fratrem
869 4397 988 4455 meum,
1012 4376 1066 4457 qui
1090 4373 1168 4436 milri
1190 4395 1232 4435 ex
