3034 5500
159 773 268 854 tlon]
552 793 728 840 uersroun.
1054 786 1118 843 ⁶273

154 945 331 1026 confugere
356 965 489 1008 necesse
511 946 627 1020 habeo,
648 958 685 1010 ut
699 949 812 1011 restris
835 948 1114 1011 intercessionibus

154 1044 321 1125 flagellum
350 1044 438 1107 istud
464 1046 505 1107 ab
533 1047 668 1110 ecclesie
694 1070 754 1111 sua
784 1060 817 1111 et
845 1049 939 1111 uobis
969 1061 1114 1111 amoveat

156 1144 332 1219 Dominus,
347 1155 405 1207 aut
418 1155 582 1209 convertat
596 1147 628 1210 in
646 1169 722 1211 usus
738 1149 850 1211 salutis
866 1161 995 1224 uostrae,
1008 1169 1113 1231 neque

154 1265 215 1307 nos
237 1245 381 1326 patiatur
395 1245 430 1306 iu
446 1247 584 1327 procella
605 1248 739 1310 turbinis
762 1249 858 1332 hujus
881 1248 1003 1332 aliquid
1026 1269 1112 1310 com-

157 1345 283 1409 mittere
299 1356 413 1408 contra
434 1346 551 1430 ipsum,
572 1347 628 1409 sed
651 1349 767 1430 dirigat
787 1370 913 1430 gressus
933 1361 1059 1410 nostros
1079 1349 1113 1411 in

156 1445 365 1528 beneplacito
400 1468 468 1508 suo.
522 1448 788 1530 Expectabamus
825 1470 946 1530 pacem,
976 1458 1008 1509 et
1036 1469 1113 1511 ecce

158 1545 344 1609 Ecclesiam
354 1546 422 1628 jsru
433 1548 558 1627 gravior
569 1549 696 1610 infestat
712 1550 859 1620 turbatio,
872 1559 960 1611 tauta
974 1548 1114 1629 quidem,

158 1657 195 1709 ut
208 1645 251 1708 ad
265 1647 518 1709 subveniendum
531 1649 625 1710 inane
636 1648 781 1711 videatur
795 1649 950 1711 auxilium
962 1648 1112 1710 bominis.

156 1747 210 1810 Ad
232 1743 333 1830 pedes
353 1748 463 1830 itaque
485 1748 665 1811 sanctitatis
686 1760 811 1822 vestrae,
835 1760 866 1810 et
890 1749 1017 1811 fratrum
1042 1769 1112 1809 res·

156 1860 276 1910 trorum
292 1857 361 1911 tota
381 1849 495 1910 mentis
515 1847 684 1911 devotione
704 1850 888 1931 provolutus
908 1848 1113 1910 affectuosius

156 1949 317 2033 supplico,
348 1960 385 2011 ut
413 1949 625 2013 misereamini
654 1950 766 2022 nostri,
791 1950 902 2012 saltem
929 1970 986 2011 vos
1016 1947 1110 2010 amici

159 2051 303 2127 Domini,
333 2061 366 2113 et
395 2051 634 2114 cantuariensis
670 2052 842 2126 Ecclesiae,
873 2065 904 2114 ct
933 2071 1050 2123 meum,
1080 2060 1113 2111 et

158 2150 262 2213 iratris
284 2150 357 2227 mei,
379 2161 410 2212 et
432 2149 671 2212 coexulantium
699 2149 803 2219 nobis,
828 2149 938 2211 vestris
962 2149 1112 2231 precibus

159 2250 333 2313 sublevetis
357 2249 500 2313 exilium.
545 2249 617 2311 Jam
645 2249 729 2310 enirn
756 2249 797 2311 de
823 2249 964 2312 hnmano
990 2248 1112 2310 auxilio

158 2348 376 2433 desperamus.
424 2351 497 2414 Hoc
512 2371 641 2434 quoque
657 2352 809 2413 attentius
824 2350 990 2434 deprecor,
1004 2362 1039 2411 ut
1054 2370 1112 2432 pro

157 2472 229 2532 rege
243 2452 369 2533 Angliae
383 2450 587 2514 intercedatis
602 2450 642 2511 ad
660 2451 847 2529 Dominum,
862 2464 1019 2534 quatenus
1035 2471 1109 2512 eum

158 2553 248 2616 Deus
267 2563 395 2617 revocet
413 2554 454 2615 ab
474 2552 535 2614 hac
559 2572 707 2634 pressura
729 2551 900 2622 Ecclesiae,
918 2561 951 2611 et
968 2561 1002 2612 ut
1018 2551 1110 2611 mise-

156 2666 239 2718 rator
254 2655 425 2730 Dominus,
441 2652 494 2737 qui
514 2653 600 2715 solus
621 2652 697 2714 huic
719 2651 829 2712 morbo
852 2648 972 2712 mederi
991 2658 1108 2732 potest,

156 2766 376 2840 persecutores
392 2754 549 2817 Ecclesiae
565 2763 621 2819 aut
635 2762 808 2829 convertat,
823 2762 878 2814 aut
892 2735 1052 2813 conterat.¹

220 3050 441 3114 EPISTOLA
466 3051 723 3113 CLXXIL-au
737 3063 897 3110 aeesrau
915 3062 1030 3107 seueri

417 3170 580 3213 usonem.
629 3151 675 3229 [n.
691 3169 720 3211 u.
742 3147 850 3226 lton]

430 3310 541 3371 Abbati
555 3311 663 3371 suncti
679 3308 840 3370 Medardt.

198 3447 312 3513 Causn
329 3445 447 3511 Christi
470 3446 572 3510 multa
588 3444 867 3509 commendatione
890 3463 952 3506 uon
977 3442 1108 3528 indiget,

155 3548 332 3633 praesertim
346 3549 432 3634 apud
448 3571 513 3627 ros,
529 3547 583 3634 qui
602 3558 635 3611 et
658 3546 719 3632 piae
742 3543 919 3610 devotionis
941 3544 1107 3623 famulatu,

154 3662 187 3714 et
223 3663 405 3714 sanctorum
444 3649 715 3713 intercedentibus
753 3646 886 3725 meritis,
925 3645 1109 3711 desideratis

155 3750 282 3814 Christo
309 3749 432 3814 felicius
457 3748 683 3814 commendari.
740 3748 822 3823 Quis
847 3759 954 3810 autem
981 3768 1109 3810 causam

154 3865 335 3916 sanctorum
348 3873 536 3937 pauperum,
548 3852 589 3915 de
603 3849 694 3914 Valle
713 3849 822 3912 Sancti
838 3847 925 3910 Petri
937 3869 1004 3910 esse
1016 3846 1109 3910 dubi-

153 3965 199 4015 tat
221 3974 351 4016 causam
376 3952 517 4019 Christi?
556 3952 627 4038 quis
656 3973 767 4015 eorum
798 3948 1035 4012 contristatione
1058 3947 1108 4011 vel

152 4053 366 4118 consolatione
392 4054 554 4118 Christum
581 4053 684 4137 ipsum
716 4049 893 4116 contristari
924 4049 1025 4113 nescit
1053 4061 1108 4113 aut

154 4154 320 4235 consolari,
341 4154 401 4218 nisi
425 4154 480 4239 qui
503 4154 720 4237 evangelicam
745 4152 869 4236 ignorat
898 4148 1108 4234 prophetiam,

155 4277 193 4318 ex
227 4256 319 4339 cujus
349 4256 481 4320 veritate
520 4256 711 4320 sententiam
751 4254 890 4339 proferet
919 4250 951 4313 in
985 4248 1109 4333 judicio

154 4356 312 4437 Christus,
327 4357 360 4419 in
384 4355 649 4420 condemnatione
672 4354 855 4438 impiorum,
870 4363 903 4413 et
925 4348 1107 4433 praeelecto
