3034 5500
282 763 392 843 llud]
674 777 851 822 aeternna.
1175 765 1236 822 267

278 929 417 994 estsere
440 926 583 1014 quifuit.
643 926 694 990 De
718 948 813 991 causa
837 926 1073 990 cantuariensis
1095 947 1159 989 non
1181 927 1238 991 de·

278 1053 382 1116 spero,
395 1030 473 1116 quia
484 1028 552 1114 ipse
567 1027 788 1113 poenitentiam
800 1048 898 1110 agens
913 1049 1008 1112 super
1019 1027 1193 1091 commissis
1204 1026 1236 1090 iu

281 1132 381 1209 curia,
396 1132 438 1195 de
455 1129 598 1195 Domino
613 1151 677 1194 non
692 1129 850 1214 desperat,
867 1150 926 1192 nec
949 1128 1050 1214 pouit,
1066 1140 1103 1192 nt
1116 1129 1238 1214 opinor,
1257 1196 1261 1202 ,

282 1257 413 1299 carnem
426 1232 593 1298 brachium
606 1254 709 1297 suum.
746 1232 852 1296 Credo
863 1244 970 1296 autem
983 1231 1069 1318 quod
1081 1231 1239 1296 Dominus

281 1337 387 1401 adhuc
402 1357 588 1421 supremum
606 1334 784 1398 remedium
799 1335 916 1414 differt,
930 1333 1006 1420 quia
1028 1335 1168 1399 nondum
1190 1346 1239 1399 est

283 1439 371 1502 omni
388 1437 530 1501 humano
545 1435 663 1500 auxilio
677 1436 858 1500 destitutus.
895 1436 998 1498 Vocat
1014 1457 1065 1497 me
1083 1436 1240 1520 Magister

284 1540 452 1619 Girardus,
468 1552 505 1604 ut
525 1540 612 1604 salva
634 1538 697 1602 fide
720 1538 866 1603 ecclesiae
892 1538 1049 1601 Romanae
1071 1538 1237 1603 Coloniam

285 1656 457 1723 transeam,
482 1641 538 1706 sed
569 1653 698 1706 auctore
725 1642 778 1726 pio
807 1642 896 1718 Jesu,
924 1663 981 1726 pro
1008 1641 1095 1706 nullo
1124 1654 1239 1727 questu

282 1767 401 1830 ponam
431 1766 505 1807 cum
543 1743 750 1809 schismaticis
781 1744 821 1807 ad
850 1743 1088 1808 subversionem
1125 1745 1239 1807 domus

283 1847 429 1928 Domini,
443 1846 620 1911 schismatis
635 1846 823 1932 portionem.
871 1846 980 1931 Ipsum
1002 1859 1109 1911 tamen
1131 1846 1240 1911 Girar-

280 1948 361 2012 dum
376 1970 580 2034 nequaquam
595 1947 832 2012 schismaticum
850 1961 972 2033 reputo,
988 1949 1063 2035 quia
1081 1948 1155 2012 fidei
1170 1949 1239 2032 ejus

282 2050 451 2137 perspicua
473 2061 585 2136 patent
607 2049 726 2113 indicia
740 2073 781 2114 ex
803 2050 915 2115 litteris
937 2051 1016 2136 ejus,
1031 2073 1167 2137 quarum
1190 2073 1240 2114 re·

284 2154 438 2239 scriptum
467 2154 598 2217 domiuo
625 2153 774 2238 episcopo
804 2155 907 2232 mitte,
934 2177 1100 2241 suppresso
1129 2167 1238 2221 tamen

282 2256 420 2321 auctoris
443 2257 583 2330 nomine,
605 2277 645 2318 ne
668 2270 701 2319 et
723 2255 780 2333 illi,
804 2273 837 2321 et
860 2257 929 2322 aliis
950 2270 1075 2337 noceat,
1095 2257 1122 2323 si
1143 2258 1241 2323 fuerit

282 2357 496 2442 divulgatum.
543 2356 615 2420 Non
632 2357 745 2421 dubito
769 2359 847 2443 quin
863 2359 942 2423 mihi
965 2359 1238 2445 compateremini,

283 2461 309 2525 si
338 2472 508 2539 constaret,
537 2460 571 2522 in
601 2482 665 2546 qua
693 2459 906 2525 sollicitudine
936 2476 1078 2527 versatur
1114 2464 1239 2526 animus

283 2586 385 2643 meus,
400 2585 460 2627 nec
483 2574 590 2627 tamen
615 2562 755 2629 Domino
777 2575 867 2640 teste,
892 2587 949 2650 pro
972 2587 1035 2642 me,
1056 2563 1132 2628 lieet
1152 2564 1239 2649 apud

283 2666 469 2731 duricordes
495 2665 649 2744 habitem,
675 2678 832 2752 quantum
861 2689 916 2752 pro
942 2666 1054 2730 amicis
1078 2666 1239 2745 sollicitor,

285 2769 362 2855 quia
370 2767 449 2832 mihi
459 2767 564 2854 quoad
574 2790 637 2847 me,
645 2768 803 2831 sufficeret
812 2768 1037 2832 commercium
1049 2768 1237 2845 litterarum,

285 2869 345 2933 nisi
361 2880 512 2952 urgerent
526 2880 560 2931 et
581 2867 634 2930 alii
656 2890 792 2953 quorum
813 2880 938 2953 oportet
959 2890 1012 2932 me
1031 2868 1240 2931 necessitudi-

285 2969 380 3034 nibus
402 2969 648 3034 communicare.
707 2970 741 3033 Si
768 2970 907 3047 nescitis,
934 2970 1063 3054 Belgica
1088 2970 1238 3052 secunda,

285 3093 359 3157 quae
388 3070 485 3133 modo
517 3069 692 3132 Remorum
723 3068 850 3149 dicitur,
876 3069 909 3132 in
939 3070 1077 3156 antiquis
1102 3068 1239 3135 historiis

285 3171 447 3257 provincia
474 3169 700 3234 Duricordium
724 3171 914 3256 appellatur,
936 3170 1011 3235 licet
1033 3170 1141 3236 habita
1162 3192 1239 3235 con·

286 3273 494 3359 templatione
534 3273 747 3358 quorumdam
790 3274 887 3358 possit
923 3288 957 3338 et
998 3274 1238 3340 Mollicordium

286 3375 449 3463 appellari.
497 3375 612 3461 Neque
627 3377 712 3440 enim
729 3376 943 3441 duricordiam
962 3377 1189 3464 archiepiscopi
1205 3394 1239 3443 et

286 3502 415 3545 suorum
438 3479 618 3565 quisquam,
637 3478 823 3543 familiarius
844 3481 1010 3559 accedens,
1032 3481 1240 3567 probabiliter

285 3605 417 3668 arguere
433 3582 558 3667 poterit.
606 3583 670 3646 Sed
686 3584 755 3669 quis
778 3606 888 3670 quaeso
902 3596 1080 3649 nostratum
1103 3598 1136 3649 et
1151 3598 1237 3649 rete·

285 3708 355 3749 rum
371 3686 546 3750 amicorum
558 3687 599 3749 de
613 3698 710 3769 gente
724 3687 951 3752 Duricordium
964 3711 1027 3752 non
1039 3688 1238 3753 convincitur

283 3785 376 3851 esse?
406 3787 533 3868 Dicam,
555 3788 641 3874 quod
667 3788 798 3852 fortasse
822 3813 884 3853 uon
908 3791 1045 3866 creditis,
1069 3791 1123 3854 sed
1150 3801 1236 3853 certe

286 3913 397 3956 verum
413 3904 471 3957 est.
519 3891 621 3956 Filius
644 3893 789 3975 Magistri
811 3894 966 3957 Gauiredi
989 3893 1066 3958 mihi
1087 3893 1238 3957 coexnla-

286 3994 330 4057 rit
344 3994 509 4059 mensibus
522 4007 605 4075 octo,
616 3994 670 4058 sed
686 4017 786 4081 quum
803 3996 844 4059 ad
858 4018 933 4059 eum
946 3996 1076 4060 nuntius
1090 4017 1181 4059 meus
1195 3996 1237 4060 ab

286 4097 434 4184 episcopo
447 4097 582 4163 Norwic.
594 4111 628 4162 et
636 4097 752 4162 abbate
762 4100 862 4163 sancti
876 4099 1039 4162 Edmundi
1048 4098 1237 4173 divertisset,

284 4201 425 4285 proiecto
439 4222 499 4266 nec
514 4222 594 4264 unas
614 4200 656 4264 ad
679 4223 730 4264 me
752 4200 909 4265 litterulas
931 4201 1035 4286 potuit
1054 4200 1236 4285 impetrare.

283 4303 349 4367 Scit
360 4315 468 4368 tamen
487 4303 655 4380 Dominus,
667 4305 742 4390 quia
754 4305 832 4368 nihil
845 4305 886 4368 ab
901 4306 1009 4389 aliquo
1019 4325 1128 4367 eornm
1145 4300 1234 4385 petii,

288 4403 319 4467 in
335 4427 438 4490 eoque
451 4405 528 4468 mihi
544 4405 626 4468 bene
642 4418 748 4468 actum
765 4418 823 4485 est,
834 4405 920 4489 quod
935 4403 1077 4467 nondum
1089 4401 1130 4464 ab
1146 4396 1236 4461 initio
