3034 5500
157 750 267 829 lton]
545 765 724 811 srrsrote.
1045 753 1108 812 283

152 920 338 1003 sapientum
361 892 533 980 sententias
560 916 745 999 exploretis,
770 927 802 978 et
826 918 956 994 Hercei,
982 917 1008 979 si
1035 938 1107 980 eum

152 1021 284 1084 interim
300 1016 462 1081 reduxerit
483 1018 653 1095 Dominus,
673 1019 818 1083 habeatis
837 1020 1025 1083 consilium:
1050 1017 1109 1082 sed
1168 1096 1172 1109 1

153 1133 228 1185 ante
254 1119 363 1182 omnia
386 1118 578 1182 incumbatis
606 1120 767 1200 precibus,
789 1129 822 1183 et
847 1120 918 1183 aliis
944 1118 1109 1183 exercitiis

154 1223 280 1284 militiae
304 1219 505 1296 Christianae,
523 1230 554 1282 ot
577 1241 712 1298 agonem
728 1232 865 1283 restrum
889 1219 995 1283 media
1018 1240 1109 1281 sanc÷

157 1335 261 1386 torum
277 1322 507 1383 intercessione
520 1321 659 1383 Domino
671 1321 916 1395 commendetis,
927 1332 958 1384 et
974 1322 1019 1383 sic
1037 1341 1110 1401 pro·

157 1423 280 1486 cedatis
295 1420 336 1484 ad
351 1419 395 1497 id,
407 1421 562 1504 quicquid
577 1421 657 1482 illud
673 1422 724 1498 sit,
735 1421 821 1504 quod
838 1443 896 1504 per
909 1443 1028 1501 organa
1042 1442 1111 1495 sua,

158 1524 323 1605 sapientes
338 1533 370 1584 et
385 1521 497 1584 fideles
512 1521 598 1594 dico,
611 1519 909 1603 docuerit-Spiritus
924 1531 1063 1596 sanctus,
1078 1531 1111 1584 et

160 1623 247 1708 quod
263 1643 361 1686 causa
375 1635 479 1685 restra
501 1621 680 1685 desiderat:
704 1621 800 1683 credo
822 1621 910 1705 quod
926 1635 958 1685 et
973 1644 1028 1684 ros
1048 1622 1111 1702 ipsi

160 1724 287 1788 habetis
302 1723 458 1806 Spiritum
471 1720 614 1800 Domitii,
628 1723 702 1806 quia
715 1723 771 1804 qui
783 1724 886 1785 zelum
899 1722 988 1785 dedit
1000 1723 1110 1785 imme-

160 1826 232 1903 rito,
240 1826 323 1888 bene
335 1824 468 1887 merenti
480 1822 659 1888 credendus
668 1834 717 1886 est
726 1824 759 1885 in
769 1824 968 1886 necessitatis
977 1824 1112 1886 articulo

162 1926 329 1991 consilium
351 1925 537 1987 ministrare.
584 1925 658 1985 Non
683 1944 759 2004 ergo
785 1923 917 2000 suadeo,
938 1935 975 1987 ut
998 1946 1112 1987 secun·

162 2025 238 2090 dum
261 2024 349 2108 quod
365 2027 545 2088 communis
560 2040 649 2107 pater
664 2037 773 2087 noster
787 2037 819 2086 et
835 2024 984 2087 dominus
1006 2023 1112 2087 dicere

162 2136 382 2199 consueverat,
412 2126 581 2188 consilium
611 2125 697 2208 quod
727 2125 888 2188 Dominus
916 2126 1115 2209 inspiraverit

162 2227 251 2291 cordi
268 2240 382 2301 restro,
399 2227 432 2288 in
455 2228 593 2308 caligula
612 2227 786 2309 reponatis,
801 2239 833 2291 et
852 2228 985 2291 aliorum
1007 2228 1113 2290 minus

162 2329 194 2390 in
210 2349 309 2391 causa
324 2339 427 2392 vestra
442 2329 638 2409 vigilantium
655 2329 830 2411 praeferatis
844 2329 1020 2413 opiniones

199 2429 277 2490 Post
288 2427 403 2489 festum
414 2429 502 2490 beati
515 2428 598 2490 Petri
614 2427 751 2511 dispono
763 2428 880 2502 statim,
893 2430 966 2490 Deo
975 2436 1115 2502 auctore,

163 2529 269 2591 venire
295 2527 336 2591 ad
360 2550 426 2606 ros,
452 2542 484 2591 et
506 2538 584 2591 tunc
610 2550 651 2591 ex
677 2539 790 2591 mutua
815 2529 987 2591 collatione
1014 2529 1115 2590 multa

163 2627 345 2692 adinvicem
361 2629 479 2692 clarere
501 2640 660 2711 poterunt,
677 2650 748 2711 quae
769 2628 889 2709 pagina
910 2649 975 2690 non
998 2627 1115 2689 sufficit
1140 2654 1144 2661 ·

163 2726 325 2812 expedire.
371 2729 458 2801 Quid
481 2729 609 2811 egeritis
630 2728 798 2805 l'eziliaci,
817 2728 1060 2811 archiepiscopo
1083 2741 1116 2790 et

163 2831 309 2895 ecclesiae
322 2830 473 2893 Remensi
488 2853 508 2895 a
522 2832 630 2894 multis
646 2830 760 2893 diebus
774 2828 925 2905 innotuit,
933 2850 993 2891 nec
1010 2849 1115 2910 opera

163 2930 299 3014 pretium
312 2941 390 3013 puto
402 2931 564 3013 divulgata
577 2931 702 2994 referre.
739 2929 774 2993 Si
787 2928 959 3011 templariis
974 2928 1116 2990 offensus

164 3046 223 3109 est,
244 3032 497 3097 dissimulatione
519 3032 673 3096 utendum
694 3032 837 3109 arbitror,
859 3031 1017 3115 quiaque
1040 3030 1116 3091 saci·

164 3136 252 3198 litate
268 3130 448 3216 concipere,
464 3134 576 3198 eadem
598 3135 747 3197 aborsum
764 3133 868 3196 facere
890 3131 1060 3194 consuevi:
1084 3142 1118 3193 et

166 3256 264 3317 quum
285 3235 314 3296 ei
334 3234 414 3296 nibil
440 3234 584 3297 debeatis
607 3233 723 3309 adhuc,
745 3255 811 3296 non
833 3231 977 3307 consulo,
999 3241 1035 3293 ut
1060 3252 1118 3294 ros

165 3335 327 3398 obnoxios
356 3336 402 3396 illi
433 3334 572 3397 reddatis
601 3335 635 3400 in
666 3335 794 3398 talibus.
845 3332 896 3396 Ad
925 3333 1009 3408 baec,
1034 3333 1061 3394 si
1087 3333 1118 3395 ei

167 3436 260 3499 fuerit
285 3436 512 3519 supplicatum,
539 3436 761 3517 magnificabit
791 3435 949 3517 injuriam,
973 3435 1001 3498 si
1024 3435 1118 3497 dissi

166 3539 332 3611 mulatum,
363 3537 458 3599 etiam
485 3538 510 3599 si
536 3560 600 3621 qua
625 3538 790 3620 praecessit
814 3537 941 3620 injuria,
970 3535 1119 3599 dissimu-

166 3638 285 3702 latione
314 3638 431 3721 potcrit
460 3640 600 3703 aboleri:
630 3640 681 3702 via
710 3650 818 3703 autern
848 3638 1119 3703 reconciliationis

167 3739 317 3802 facillima
333 3740 402 3813 erit,
412 3752 446 3801 ut
461 3740 494 3801 in
510 3740 618 3822 aliquo
635 3741 823 3803 munusculo
839 3739 991 3821 capiatur.
1017 3736 1120 3799 Video

167 3852 275 3901 tamen
303 3840 487 3922 templarios
512 3841 545 3903 in
571 3840 658 3904 curia
688 3839 757 3923 ejus
783 3840 922 3920 benigne
952 3837 1062 3919 recipi,
1088 3847 1121 3901 et

167 3941 299 4022 negotia
324 3962 431 4002 eorum
458 3942 625 4005 commode
649 3940 804 4023 expediri.
849 3944 924 4023 Ipse
947 3952 1051 4003 autem
1079 3940 1121 4004 ad

169 4042 295 4107 Claram
306 4044 419 4106 vallem
433 4044 594 4125 profectus
606 4055 664 4117 est,
674 4043 808 4121 accitus,
817 4054 851 4105 ut
860 4043 959 4120 aiunt,
971 4064 990 4105 a
1001 4042 1120 4126 majore

169 4155 256 4224 parto
272 4156 451 4206 conventus
465 4144 498 4205 in
515 4146 639 4208 ruinam
655 4145 790 4208 abbatis.
837 4144 1049 4221 Fromurrdus,
1065 4146 1120 4227 qui

169 4244 229 4306 hoc
246 4246 304 4306 iter
319 4244 388 4327 ejus
409 4258 640 4327 procuraverat,
656 4248 736 4309 obiit
758 4245 861 4328 pridie
887 4245 965 4308 ldus
983 4246 1071 4320 tulii,
1089 4256 1121 4307 et

170 4344 203 4405 in
220 4345 410 4406 monasterio
427 4345 537 4409 Sancti
554 4345 693 4423 Remigii
710 4346 854 4427 sepultus
869 4354 926 4406 est.
