3034 5500
399 747 440 805 80
654 757 789 803 rossum
805 753 1086 799 sannsnsrueusrs
1262 735 1306 814 [s.
1324 754 1353 800 n.

400 933 484 988 rum,
497 923 529 974 et
545 909 684 973 omnium
706 905 885 992 exploravit
907 902 1083 967 nobiscum.
1119 903 1164 966 Et
1186 927 1262 988 quae
1281 906 1356 969 acci-

400 1012 495 1096 pietis
509 1013 550 1075 ab
573 1035 620 1086 eo,
636 1009 676 1074 de
697 1021 806 1072 nostro
827 1018 955 1091 pectore
974 1004 1160 1090 processisse
1181 1026 1246 1068 uon
1267 1004 1356 1070 dubi.

400 1115 483 1178 tetis.
510 1115 577 1176 Eos
592 1111 682 1175 vobis
697 1107 965 1179 commendamus,
978 1117 1128 1189 rogantes
1143 1107 1310 1188 attentius,
1319 1120 1353 1173 ut

397 1237 549 1300 personas
567 1236 688 1292 eorum,
709 1212 735 1275 si
757 1210 872 1296 placet,
895 1206 1130 1274 commendatas
1151 1206 1307 1283 habeatis,
1324 1223 1352 1273 et

397 1326 530 1394 nostras,
549 1338 624 1400 quae
644 1315 676 1377 in
698 1311 844 1375 manibus
864 1323 939 1374 sunt
958 1331 1078 1388 eorum,
1100 1309 1284 1395 petitiones,
1304 1311 1353 1374 be-

398 1417 493 1499 nigne
508 1414 695 1481 admittatis.

542 1638 770 1707 EPlSTOLA
796 1633 1033 1699 LXIV.*-an
1048 1653 1204 1699 ananan.

441 1779 547 1841 Aaron
561 1774 712 1838 fiduciam
727 1773 822 1859 parit,
838 1785 871 1836 et
893 1769 978 1856 apud
995 1790 1067 1833 eum
1089 1791 1188 1855 quem
1204 1769 1350 1833 ardenter

396 1890 494 1953 amat,
509 1876 687 1940 fiducialius
707 1896 800 1959 agere
816 1876 988 1938 consuevit.
1019 1873 1091 1948 Quo
1106 1885 1215 1934 autem
1236 1871 1348 1965 affectu

396 2001 452 2041 vos
463 2000 585 2063 semper
595 1981 777 2052 amaverim,
787 1975 936 2061 operibus
946 1996 1042 2061 quam
1056 1973 1161 2037 verbis
1172 1972 1347 2046 ostendere,

395 2100 518 2164 semper
533 2077 696 2140 honestius
710 2090 741 2139 et
755 2077 865 2140 utilius
880 2077 1040 2162 reputavi,
1052 2097 1153 2161 quum
1171 2088 1280 2140 tamen
1290 2099 1346 2163 pro

394 2191 467 2243 voto
477 2200 650 2263 numquam
668 2177 816 2241 affectum
828 2177 960 2262 implere
977 2177 1142 2263 potuerim.
1167 2178 1232 2254 Qui
1245 2179 1348 2242 omnia

393 2280 481 2343 novit
504 2279 581 2343 mihi
603 2279 746 2343 conscius
768 2290 826 2357 est,
846 2279 931 2364 quod
954 2279 1093 2354 devotio,
1116 2301 1215 2364 quam
1238 2281 1271 2342 in
1296 2303 1348 2343 vos

392 2380 502 2455 habui,
518 2379 599 2443 vires
613 2402 698 2443 meas
713 2402 837 2466 semper
853 2381 997 2445 excessit.
1022 2381 1121 2466 Spero
1136 2379 1247 2465 itaque
1262 2381 1346 2467 quod

394 2499 427 2546 ct
442 2483 589 2567 majestas
611 2495 714 2545 vestra
728 2483 761 2545 in
783 2482 897 2545 affectu
918 2481 1095 2546 dulcedinis
1116 2482 1346 2547 condescendet

396 2582 485 2660 mihi,
504 2596 535 2648 et
558 2582 701 2669 parvulis
723 2584 809 2648 meis.
855 2587 899 2647 Et
921 2584 1053 2668 quidem
1075 2606 1184 2647 omnes
1205 2585 1349 2649 alumnos

393 2708 480 2753 meos
502 2708 551 2750 me
571 2685 694 2773 pridem
711 2686 801 2750 vobis
816 2686 944 2750 memini
967 2684 1213 2753 commendasse.
1253 2692 1347 2755 Nunc

394 2803 591 2854 autemeam
614 2787 704 2853 robis
718 2786 903 2851 commendo
925 2787 1144 2874 praecaeteris,
1165 2789 1273 2875 quiin
1294 2791 1349 2855 ob-

393 2891 505 2977 sequio
520 2914 590 2955 meo
601 2913 668 2977 prae
684 2893 808 2954 caeteris
820 2888 986 2969 laboravit,
1000 2903 1032 2954 et
1048 2890 1213 2956 minimum
1226 2892 1346 2976 accepit

391 2992 433 3057 de
456 3016 550 3058 manu
573 3017 651 3066 mea,
674 3015 776 3078 quum
800 2992 978 3057 sinceritate
1000 2992 1073 3057 fidei
1096 3007 1129 3058 et
1150 2995 1346 3060 exhibitione

390 3098 495 3180 operis
510 3096 659 3160 meruerit
676 3095 863 3179 plurimum.
894 3094 945 3160 Ad
961 3095 1058 3181 pedes
1079 3119 1157 3182 ergo
1171 3098 1345 3164 clementia

393 3209 506 3260 vestrae
529 3200 710 3281 provolvor,
734 3209 853 3278 quanta
879 3220 1007 3283 possum
1034 3198 1202 3262 devotione
1226 3199 1346 3286 suppli-

390 3318 475 3372 cans,
493 3309 528 3361 ut
549 3318 624 3360 eum
644 3296 899 3363 commendatum
922 3300 1074 3377 habeatis,
1091 3300 1215 3386 ipsique
1238 3324 1342 3366 meum

390 3396 550 3461 detectum
574 3397 721 3483 suppleat
744 3400 951 3484 benignitatis
975 3417 1091 3478 vestra,
1114 3416 1146 3466 et
1169 3426 1272 3487 quum
1294 3426 1343 3467 me

389 3500 539 3574 amiserit,
553 3499 582 3562 ei
597 3522 655 3585 pro
675 3523 725 3564 me
741 3503 891 3566 serenitas
912 3518 1026 3579 vestra,
1043 3507 1068 3568 si
1084 3504 1200 3589 placet,
1216 3528 1344 3589 respou-

388 3596 464 3662 deat
473 3599 506 3661 in
518 3599 633 3663 affectu
646 3599 835 3677 dulcedinis,
847 3614 879 3667 et
889 3602 1102 3667 consolatione
1115 3604 1216 3689 patris
1227 3604 1340 3668 amissi.

391 3701 426 3764 Is
440 3711 487 3764 est
498 3704 636 3767 Joannes
650 3701 690 3765 de
704 3704 772 3767 Sar.
783 3725 877 3789 quem
892 3704 1005 3788 utique
1014 3704 1067 3768 alii
1079 3706 1343 3782 commendarem,

387 3803 412 3868 si
427 3804 524 3869 alium
541 3804 623 3868 inter
637 3806 753 3870 amicos
768 3823 799 3870 et
814 3806 959 3870 dominos
974 3807 1121 3872 haberem
1140 3808 1307 3892 potiorem.

521 4012 761 4076 EPIS'l'OLA
786 4014 1045 4079 Lxlvfl-in
1061 4035 1215 4082 ananau.

432 4147 610 4214 Numerum
638 4145 768 4208 satisfiet
799 4146 830 4207 in
862 4168 956 4210 carne
986 4145 1144 4210 desiderio
1175 4172 1255 4226 meo,
1282 4150 1338 4213 nisi

387 4242 682 4308 desideratissimam
700 4244 810 4308 faciem
829 4260 964 4310 vestram
982 4247 1057 4311 mihi
1074 4250 1108 4311 iu
1124 4272 1218 4312 carne
1234 4249 1339 4314 videre

387 4345 562 4429 contigerit.
580 4344 728 4409 Dimittet
742 4359 808 4410 tum
824 4345 854 4408 in
865 4369 942 4432 pace
952 4348 1112 4410 servulum
1124 4373 1218 4413 suum
1233 4349 1341 4414 Chris·
