3034 5500
164 766 274 851 llos]
555 792 736 838 eersronu.
1060 785 1123 841 305

231 937 296 992 Non
310 938 407 991 Bibulo
419 941 557 1009 quicquam
569 959 659 1012 nuper,
671 942 718 994 sed
731 942 837 995 creme
846 948 952 1009 gestum
964 951 1014 1007 est,

305 1023 377 1077 Nam
390 1024 487 1078 Bibulo
500 1033 604 1094 gestum
617 1027 722 1080 consule
734 1026 771 1079 nil
783 1028 898 1080 memini.

157 1146 234 1217 Qua
264 1155 372 1211 autem
402 1147 602 1231 impudentia
631 1149 794 1228 dixerunt,
822 1163 864 1229 et,
887 1174 928 1216 ne
959 1154 1055 1218 verba
1084 1156 1117 1218 in

155 1257 271 1310 ventos
312 1260 550 1323 evanescerent,
592 1252 796 1333 scripserunt,
837 1254 923 1337 quod
965 1256 1116 1319 omnibus

155 1348 273 1412 salsum
289 1370 358 1413 esse
374 1350 522 1428 innotuit,
537 1353 558 1385 “
568 1353 643 1434 quia
658 1354 745 1430 rex,”
761 1375 856 1438 quem
874 1355 1113 1436 impatientissi-

157 1470 247 1513 mum
263 1471 333 1513 csse
348 1452 455 1515 nullus
466 1453 609 1534 ambigit,
626 1456 781 1535 “gratum
797 1455 895 1518 babet
906 1477 1005 1539 quum
1018 1459 1114 1522 corri-

155 1551 251 1634 pitur,
277 1570 309 1615 et
334 1551 430 1616 dulce
446 1566 538 1636 putat
559 1555 750 1640 obsequium
774 1576 872 1638 quum
897 1570 1052 1636 monetur,
1078 1572 1115 1623 ut

155 1652 295 1733 corrigat
309 1653 417 1737 siquid
432 1654 601 1739 deliquerit
615 1656 648 1718 in
667 1653 842 1719 Dominum
853 1655 885 1719 ?”
922 1659 989 1723 “Si
1005 1660 1116 1742 quid,”

153 1753 319 1838 inquiunt,
340 1775 377 1818 ac
401 1754 429 1817 si
456 1754 588 1817 dubium
613 1756 654 1818 sit
680 1755 727 1818 eis
756 1757 847 1819 illum
877 1757 1050 1843 deliquisse
1080 1763 1113 1824 in

154 1855 344 1930 Dominum,
359 1856 417 1937 qui
439 1856 596 1919 Ecclesiae
617 1856 794 1919 libertatem
819 1857 998 1940 impugnat,
1013 1861 1113 1925 avitas

151 1955 374 2038 perversitates
389 1955 554 2036 evangelio
566 1954 686 2018 Christi
703 1955 829 2037 praeiert
840 1968 872 2019 et
886 1959 1110 2023 sanctionibus

152 2055 307 2130 Patrum;
345 2065 389 2132 et,
415 2067 449 2118 ut
475 2055 516 2118 de
543 2055 633 2117 robis
664 2064 788 2118 taceam
815 2068 845 2118 et
877 2057 1001 2122 clericis
1030 2080 1113 2141 quos

150 2155 270 2241 injuste
296 2156 493 2240 proscripsit,
519 2156 574 2240 qui
604 2155 808 2220 mulierculas
837 2170 870 2221 et
898 2161 1049 2241 parvulos
1078 2162 1112 2224 in

150 2259 246 2323 cunis
273 2256 463 2322 innocentes
489 2258 576 2321 omni
602 2258 716 2322 solatio
742 2258 922 2334 destitutos,
949 2282 1014 2324 non
1046 2275 1111 2326 tam

149 2360 275 2424 crudeli
286 2360 445 2424 sententia
459 2379 556 2443 quam
571 2360 696 2423 insania
710 2362 868 2444 compulit
884 2364 1030 2427 exulare:
1054 2365 1109 2448 qui

149 2462 330 2526 schismatis
360 2461 499 2524 furorem
530 2461 599 2544 jam
629 2461 695 2524 fere
725 2463 864 2545 sopitum
894 2464 1048 2529 excitavit
1078 2479 1111 2530 et

148 2562 322 2639 roboravit,
334 2574 366 2627 ot
380 2562 584 2625 ressuscitare
599 2563 753 2645 procella,
769 2584 842 2645 quae
853 2563 921 2645 jam
938 2565 1108 2648 plurimum

148 2664 361 2736 detumuerat.
374 2684 489 2727 navem
503 2663 726 2748 apostolicam,
742 2675 897 2746 quantum
914 2666 1033 2750 inipso
1048 2680 1109 2748 est,

142 2787 218 2832 cum
230 2767 360 2831 Christo
373 2768 554 2845 submersit,
564 2767 662 2829 immo
674 2777 706 2829 et
722 2766 829 2830 adbuc
843 2768 964 2849 mergit.
997 2770 1103 2841 Quid·

146 2890 223 2932 nam
239 2890 349 2952 quaeso
365 2868 487 2932 ducunt
501 2868 534 2931 in
552 2867 695 2946 crimine,
711 2869 767 2952 qui
781 2867 844 2932 hoc
860 2889 931 2932 esse
953 2869 1106 2934 innocen·

146 2970 224 3033 tiam
257 2965 455 3051 gloriantur?
491 2979 547 3034 sut
575 2970 732 3053 numquid
762 2970 832 3033 baec
861 2971 1106 3052 probationibus

145 3070 307 3154 indigent,
323 3093 395 3156 quae
412 3071 551 3134 mundus
567 3071 706 3153 agnovit,
722 3093 794 3156 quoe
809 3072 841 3134 in
858 3072 924 3134 suis
939 3070 1105 3136 doloribus

144 3185 179 3237 et
194 3174 359 3237 tormentis
374 3172 592 3237 indesinenter
606 3174 704 3237 sentit
725 3174 886 3250 Ecclesia,
902 3196 975 3257 quar
997 3176 1103 3259 quoti·

145 3273 252 3337 dianis
269 3294 373 3337 rerum
395 3274 624 3357 experimentis
639 3276 712 3337 luce
728 3275 844 3338 clarius
859 3285 979 3358 patent.
1025 3276 1103 3355 Sed,

142 3375 170 3438 si
197 3374 316 3459 corripi
342 3374 435 3438 dulce
466 3382 559 3458 putat
585 3376 788 3460 obsequium,
814 3377 945 3459 planum
973 3387 1021 3441 est
1046 3399 1103 3441 eos

142 3476 308 3560 amplioris
334 3498 403 3541 esse
426 3476 582 3561 perfidiae,
605 3478 660 3561 qui
691 3478 857 3542 dominum
880 3499 985 3556 suum,
1008 3479 1102 3564 cujus

142 3577 301 3662 obsequio
312 3597 430 3660 corpus
442 3576 638 3643 devovenmt
649 3589 682 3641 et
692 3579 842 3657 animam,
853 3589 917 3643 tam
933 3581 1102 3645 enormiter

140 3680 307 3762 patiuntur
328 3699 440 3743 errare.
495 3679 581 3743 Sane
606 3680 774 3764 impletum
798 3682 905 3745 estin
932 3682 979 3744 eis
1003 3681 1099 3743 bodie

140 3780 372 3865 Propheticum
387 3780 477 3855 illud,
496 3780 598 3847 Quart
612 3785 723 3864 culpes
737 3783 774 3844 in
793 3783 919 3845 deserto
929 3783 1097 3863 propbeta

139 3884 191 3946 tui
205 3882 324 3961 Israel,
339 3902 437 3965 quum
453 3881 496 3945 ad
511 3882 751 3945 subversionem
767 3883 925 3960 ecclesie,
940 3882 996 3966 qui
1017 3882 1096 3945 Pro·

138 3983 308 4067 phetarum
322 3984 357 4047 in
372 4005 410 4047 ea
427 3986 535 4047 locum
558 3993 679 4058 teuent,
696 3983 878 4047 dolositatis
900 4004 966 4047 suae
989 3984 1096 4047 multi·

136 4084 239 4167 plices
253 4084 388 4168 laqueos
403 4091 525 4160 texant,
537 4083 633 4146 dulce
648 4082 849 4147 salutationis
864 4081 1096 4165 premittentes

137 4186 313 4271 eloquium,
328 4183 477 4248 devotam
492 4183 678 4268 profitentes
693 4182 921 4261 obedientiam,
936 4184 1095 4248 auxilium

137 4298 170 4350 et
191 4286 362 4350 consilium
385 4284 616 4369 promittentes,
635 4296 671 4347 ut
693 4294 894 4348 transeuntes
915 4304 972 4367 per
992 4286 1094 4348 nube·

136 4389 227 4451 culas
249 4388 419 4460 rationum,
434 4397 466 4449 ot
485 4385 589 4449 verbis
610 4384 762 4467 legitimis
784 4386 951 4449 abutentes
973 4384 1006 4447 in
1030 4382 1094 4447 dis·

179 4506 254 4553 vot..
272 4507 294 4553 1.
613 4503 636 4549 x
