3034 5500
432 774 471 833 18
686 785 824 830 ioannis
839 783 1115 830 sanssaemassrs
1292 767 1335 846 [a.
1352 787 1379 830 n.

431 939 598 1022 contingit.
645 941 745 1000 Porro
769 937 800 1000 in
831 937 1015 1024 episcopatu
1044 936 1236 1000 Cicestrensi
1263 935 1381 1000 diutius

432 1039 651 1105 honestissime
677 1052 881 1103 conversatus
904 1051 963 1118 est,
988 1052 1020 1102 et
1044 1038 1221 1103 claritatem
1245 1061 1342 1124 quam
1365 1060 1382 1100 ι

432 1143 605 1229 majoribus
619 1144 781 1206 contraxit
797 1142 935 1228 propriae
950 1143 1080 1206 virtutis
1095 1141 1192 1207 titulo
1211 1139 1380 1216 decoravit,

431 1260 464 1310 et
480 1265 605 1332 semper
620 1245 651 1310 in
667 1246 815 1309 omnibus
829 1246 917 1332 apud
940 1269 997 1311 nos
1014 1246 1139 1311 incessit
1157 1248 1224 1310 sine
1245 1244 1380 1332 querela

434 1348 515 1410 Hoec
535 1347 664 1433 quidem
685 1346 726 1409 de
746 1370 794 1424 eo,
812 1347 905 1410 nobis
921 1360 953 1411 et
970 1347 1140 1411 venerabili
1163 1348 1257 1412 fratri
1280 1360 1381 1411 nostro

434 1446 624 1513 Cicestrensi
638 1445 798 1532 episcopo,
813 1459 846 1509 ct
868 1446 938 1509 aliis
958 1447 1140 1523 convicinis,
1154 1447 1274 1513 celebri
1290 1446 1382 1512 totius

432 1549 605 1635 provinciae
622 1545 802 1612 testimonio
817 1561 893 1610 nota
908 1560 992 1610 sunt.

609 1781 831 1845 EPISTOLA
855 1783 1036 1845 XVl.-an
1051 1802 1205 1849 eunoun.

771 1915 917 1976 Adriano
933 1917 1045 1997 Popae.

476 2047 515 2110 Irr
539 2069 645 2125 causa,
659 2068 735 2133 quae
759 2047 841 2110 inter
859 2049 900 2112 G.
918 2048 1049 2112 latorem
1067 2050 1180 2114 borum
1205 2065 1238 2117 et
1264 2054 1380 2139 Grego

431 2151 514 2214 rium
541 2149 700 2233 quendam
726 2150 922 2226 vertebatur,
950 2150 980 2213 in
1012 2151 1213 2234 praesentiam
1245 2169 1378 2218 nostram

430 2274 487 2336 per
511 2250 754 2337 appellationem
780 2263 892 2327 tracta,
917 2252 977 2315 boc
1000 2254 1095 2316 modo
1117 2278 1302 2340 processum
1324 2270 1378 2321 est.

431 2356 519 2437 Aug.
535 2351 620 2414 filius
636 2351 784 2437 Gregorii
796 2365 827 2417 et
840 2368 1030 2438 procurator
1042 2357 1202 2420 asserebat
1218 2356 1378 2422 dominum

430 2476 522 2518 suum
550 2453 712 2517 ecclesiam
735 2453 776 2517 de
799 2454 911 2518 Becles
933 2456 1116 2540 possedisse,
1137 2481 1241 2544 eaque
1264 2461 1379 2546 absque

429 2555 540 2619 ordine
550 2555 724 2641 judiciario
739 2555 924 2642 spoliatum,
940 2557 1034 2620 laicos
1050 2559 1220 2642 quosdam,
1233 2576 1268 2627 et
1284 2583 1378 2626 unum

427 2657 587 2734 clericum,
604 2682 700 2746 quem
724 2659 785 2724 iste
804 2659 967 2724 inimicum
990 2682 1082 2722 suum
1104 2677 1257 2727 causatus
1276 2679 1336 2744 est,
1348 2667 1377 2730 ir

428 2788 494 2829 suae
517 2763 696 2828 assertionis
720 2763 938 2828 testimonium
965 2762 1171 2847 producebat.
1216 2768 1249 2829 E
1272 2784 1379 2835 contra

430 2866 610 2932 Gaufridus
637 2867 830 2949 Gregorium
858 2865 1033 2952 possedisse
1063 2865 1217 2941 inficians
1244 2870 1379 2950 dicebat,

429 2986 502 3057 post
519 2983 663 3055 tempora
683 2968 748 3043 illa,
763 2969 804 3032 de
817 2968 937 3054 quibus
963 2971 1050 3054 Aug.
1068 2969 1269 3053 loquebatur,
1288 2974 1377 3038 Bald.

429 3072 588 3159 quendam
608 3094 663 3155 per
678 3068 825 3134 abbatem
841 3071 927 3135 beati
948 3072 1124 3147 Edmundi‚
1141 3087 1172 3137 et
1187 3092 1378 3142 conventum

429 3175 557 3237 domino
581 3170 773 3235 Norwicensi
795 3171 835 3232 od
858 3174 1025 3257 praefatam
1048 3175 1209 3239 ecclesiam
1230 3177 1262 3241 in
1287 3180 1378 3265 plena

429 3274 553 3360 synodo
563 3273 660 3338 fuisse
674 3285 946 3356 repraesentatum,
959 3299 1126 3362 quumque
1138 3279 1285 3343 dominus
1300 3282 1378 3347 Nor·

430 3376 580 3451 nicensis,
592 3388 702 3438 utrum
718 3374 827 3438 eadem
843 3376 974 3440 ecclesia
985 3393 1121 3453 vacaret,
1133 3380 1304 3465 diligenter
1319 3386 1379 3450 dis-

428 3478 588 3566 quisisset,
605 3476 716 3540 habito
737 3490 874 3541 tractatu
899 3501 971 3541 cum
994 3481 1149 3545 iratribus
1162 3484 1298 3568 capituli
1312 3510 1378 3552 earn

426 3604 538 3646 vacare
548 3579 712 3665 respondit
723 3580 966 3645 archidiaconus
978 3585 1101 3649 caeteris
1112 3587 1340 3655 attestantibus
1347 3592 1377 3655 iu

426 3682 557 3770 publico
571 3681 734 3746 audientia
755 3683 852 3747 etita
873 3684 1092 3748 introductum
1115 3689 1154 3749 B.
1171 3694 1378 3771 memorabat,

424 3786 476 3852 cui
491 3799 523 3850 ct
539 3785 598 3848 istc
621 3808 653 3847 se
673 3785 859 3848 successisse
875 3785 1044 3863 referebat,
1059 3787 1222 3872 ingressus
1237 3795 1287 3857 sui
1304 3799 1377 3861 satis

427 3887 542 3951 idonea
560 3884 723 3971 proferens
738 3887 959 3951 instrumenta.
1005 3891 1090 3971 Aug.
1105 3912 1181 3953 vero
1196 3906 1293 3959 testes
1308 3921 1379 3962 sirm

425 3987 530 4052 audiri
552 3986 707 4051 instanter
722 3987 916 4073 postulabat.
962 3988 1087 4052 Deinde
1103 3992 1285 4059 Gaulridus
1301 4000 1379 4063 Gre-

423 4089 549 4176 gorium
568 4112 623 4174 per
641 4104 878 4174 procuratorem
902 4112 1024 4175 semper
1047 4090 1184 4177 litigare,
1201 4118 1376 4185 numquam

423 4192 472 4257 sui
488 4194 611 4278 copiam
628 4192 744 4267 iacere,
760 4215 860 4276 quum
879 4207 982 4257 tamen
1000 4218 1106 4274 sanus,
1120 4206 1153 4258 et
1167 4220 1271 4286 prope
1286 4218 1376 4280 esset,

425 4296 631 4381 querebatur,
644 4294 804 4380 adjiciens,
820 4295 845 4357 si
862 4319 1026 4380 personam
1043 4299 1111 4382 ejus
1126 4299 1261 4379 videret,
1274 4306 1376 4394 ipsum

423 4399 519 4463 talem
538 4420 606 4461 esse
621 4408 836 4473 ostensurum,
852 4398 939 4483 quod
956 4421 1014 4463 ner
1037 4399 1118 4463 banc
1139 4403 1307 4472 ecclesiam
1324 4431 1377 4473 nec
