3034 5500
165 806 337 882 tros-s]
546 821 724 870 aristone.
838 823 842 831 ·

329 1076 553 1140 EPISTOLA
576 1074 762 1138 XIX—sn
778 1094 931 1139 eunoun.

503 1233 651 1297 Adriano
666 1234 779 1316 Papa,

196 1374 309 1438 Csuss
348 1392 424 1454 quoe
459 1366 644 1432 vertebatur
679 1367 762 1431 inter
798 1367 984 1451 magistrum
1016 1371 1113 1437 Jord..

154 1473 326 1537 Fautasma
351 1484 383 1535 et
409 1470 597 1554 magistrum
620 1469 778 1532 Jonnnem
804 1470 948 1546 Joiebel,
975 1471 1107 1537 clericos

153 1573 272 1638 domini
290 1570 533 1648 wintoniensis,
546 1592 641 1654 super
653 1568 797 1634 Winton.
813 1573 941 1636 tandem
957 1576 1111 1642 translata

151 1689 198 1739 est
220 1675 261 1739 ad
283 1675 477 1738 audientiam
500 1684 652 1735 nostram.
696 1670 826 1736 Auditis
848 1696 925 1757 ergo
945 1674 1109 1759 allegatio-

151 1776 248 1840 nibus
274 1777 417 1861 magistri
443 1773 537 1839 Jord.
564 1787 598 1837 et
623 1773 844 1838 instrumentis
869 1774 1038 1859 diligenter
1060 1779 1110 1842 in·

152 1878 281 1964 specus,
298 1889 469 1941 memorato
485 1878 508 1939 J
510 1876 605 1939 oanni
625 1888 735 1940 vestra
748 1888 780 1939 et
796 1879 1109 1945 nostraauctoritate

152 1979 361 2055 inhibuimus,
372 2002 410 2043 ne
421 1993 531 2043 eontra
543 1977 738 2042 voluntatem
756 1979 779 2040 J
781 1978 849 2043 ord.
865 1978 987 2044 scholas
998 2003 1108 2068 regere

150 2096 347 2167 presumeret
363 2082 395 2146 iu
417 2079 551 2168 praeiata
565 2079 702 2144 civitate.
748 2079 810 2144 Die
826 2105 899 2145 vero
914 2085 1058 2167 sequenti
1074 2086 1107 2150 iu

150 2197 258 2249 nostra
270 2185 441 2269 praesentia
452 2182 675 2258 constiterunt,
689 2181 789 2247 multa
804 2183 836 2246 in
849 2207 881 2246 se
895 2199 1107 2271 proponentes

148 2285 188 2350 ad
205 2286 357 2350 invicem:
382 2285 560 2358 Jordanus,
572 2281 597 2347 si
611 2281 738 2369 quidem
750 2285 939 2370 jamdictum
951 2290 1104 2354 Joannem

148 2400 259 2451 eontra
271 2388 456 2472 religionem
470 2385 544 2449 lidei
556 2386 589 2449 in
604 2385 757 2471 praedicta
769 2384 897 2452 civitate
909 2388 968 2453 sibi
984 2390 1107 2456 scholas

148 2513 329 2577 usurpasse,
344 2504 376 2555 et
392 2490 509 2553 damna
532 2489 670 2576 plurima
685 2490 830 2556 intulisse
852 2492 988 2573 dicebat,
1003 2493 1105 2559 officio

149 2607 259 2658 nostro
282 2594 345 2658 sibi
368 2592 535 2678 superbis
558 2592 704 2656 satisfieri
726 2592 898 2678 postulans.
945 2597 1106 2662 Eeontra

146 2698 285 2762 Joannes
297 2694 466 2783 sejudicio
482 2693 603 2781 Synodi
616 2717 710 2781 super
725 2694 799 2759 fidei
817 2696 941 2761 laesione
956 2698 1104 2763 innoeen-

147 2795 223 2859 tinm
237 2818 326 2859 suam
338 2817 491 2880 purgasse
499 2795 707 2872 asserebot‚et
718 2796 934 2880 magistrumJ
936 2797 1103 2877 ordonum,

146 2897 197 2960 eui
226 2895 338 2959 similis
363 2896 513 2981 purgatio
539 2894 723 2981 adjudicata
747 2908 807 2970 est,
832 2896 981 2980 quoniam
1009 2920 1105 2983 super

146 2997 1105 3082 fideiloesionesimilitert'ueratimpetitus,omninodefecisse

146 3099 284 3180 dicebat,
303 3114 416 3186 petens
431 3113 468 3165 ut
489 3122 674 3184 urgeremus
689 3098 738 3163 vel
762 3099 802 3162 ad
818 3100 1040 3185 purgationem
1062 3126 1103 3168 ex

140 3201 265 3288 judicio
276 3201 502 3288 praestandam,
514 3201 562 3265 vel
577 3201 617 3264 ad
631 3201 822 3287 implendam
835 3201 1011 3288 pactionem
1028 3228 1103 3292 quas

115 3343 121 3354 ·
146 3303 209 3367 lide
225 3304 414 3391 interposita
425 3304 593 3368 dicebatur
608 3304 707 3369 luisse
718 3305 876 3369 roborata.
908 3304 978 3369 Illis
994 3306 1102 3394 itaque

146 3406 189 3471 sie
209 3408 451 3488 altercantibus,
464 3411 604 3474 Joannes
624 3422 761 3472 vestram
777 3408 970 3474 audientiam
994 3412 1102 3498 appel-

146 3508 232 3589 lavit,
243 3510 352 3574 dicens
367 3534 400 3573 se
414 3524 612 3574 ostensurum
629 3509 715 3595 quod
732 3511 923 3595 saepedictus
937 3513 1101 3585 Jordanus

144 3610 328 3697 religionem
345 3611 420 3675 fidei
436 3624 467 3675 et
483 3616 671 3677 sacramenti
688 3623 906 3689 temeraverat,
918 3613 1002 3678 diem
1021 3639 1102 3701 prae-

143 3712 243 3798 figens
263 3714 465 3778 nativitatem
487 3713 572 3776 beati
594 3713 739 3777 Joannis.
785 3716 893 3791 Quum
914 3739 990 3779 vcro
1008 3718 1099 3784 Jord.

141 3815 356 3900 prolixitatem
381 3817 533 3903 temporis
559 3829 752 3898 causaretur,
775 3842 812 3881 eo
835 3819 922 3905 quod
945 3820 986 3883 ab
1009 3821 1100 3886 initio

141 3920 328 3984 Decembris
340 3940 442 4005 usquo
452 3919 492 3982 ad
503 3918 597 3982 finem
605 3920 627 3981 J
631 3921 697 3984 unii
708 3920 876 3985 terminum
888 3937 1101 4008 prorogasset,

139 4044 204 4085 eom
237 4021 415 4105 saepefatus
442 4022 583 4084 Joannes
608 4018 641 4084 in
668 4021 785 4086 festum
815 4024 900 4089 beati
932 4025 1100 4091 Michaelis

139 4124 319 4207 protelavit.
368 4126 435 4187 Nos
451 4138 555 4187 autem
573 4124 780 4209 quaestionem
802 4126 968 4191 eriminum
985 4145 1099 4195 vestrae

138 4239 338 4291 reservantes
350 4225 543 4302 discretioni,
561 4230 638 4313 quia
653 4228 693 4292 de
703 4230 778 4316 jure
791 4228 969 4294 scholarum
985 4234 1099 4318 magis-

138 4330 177 4393 tri
197 4328 338 4396 Jordnni
360 4328 535 4405 constabat,
559 4332 794 4396 communicato
817 4333 953 4397 lratrum
978 4350 1099 4398 nostro-

134 4451 203 4494 rum
221 4428 451 4507 cicestrensis,
466 4430 718 4507 Herel'ordensis,
733 4445 766 4496 et
782 4434 1002 4517 wigornensis
1016 4435 1096 4519 epis-
