3034 5500
291 738 491 818 uss-61]
682 740 861 810 irrisione.
1208 760 1250 818 99

309 1030 556 1096 EPISTOLA
585 1033 821 1102 LXXV.-ao
836 1058 994 1106 assarum
1011 1061 1219 1109 cassaneam.

625 1169 763 1234 Cellense·
778 1172 903 1237 Abbati.

327 1301 501 1372 Quauram
527 1322 655 1386 operam
683 1301 824 1366 dederim
855 1309 1072 1390 promovendo
1101 1312 1241 1396 negotio,

283 1420 424 1485 proquo
446 1399 480 1464 in
505 1399 660 1486 Angliam
684 1405 850 1484 miseratis,
866 1406 983 1471 veritas
1004 1410 1104 1484 novit,
1120 1423 1152 1474 et
1172 1412 1239 1476 dis·

285 1502 417 1566 cretioni
442 1516 559 1567 vestrae
583 1525 647 1567 non
673 1506 714 1569 sit
736 1506 943 1591 incognitum.
989 1513 1034 1574 Et
1054 1509 1127 1576 licet
1150 1536 1242 1576 num·

285 1625 382 1687 quam
410 1603 492 1667 bene
519 1605 710 1690 speraverim
736 1606 778 1670 de
804 1610 963 1692 profectu,
985 1612 1064 1696 quia
1091 1635 1238 1677 noveram

284 1726 389 1768 mores
402 1705 554 1782 hominis,
570 1708 626 1791 qui
646 1730 771 1793 semper
790 1709 944 1774 adversus
964 1712 1126 1776 ecclesiam
1146 1713 1240 1779 dimi·

285 1818 350 1882 cat,
365 1819 398 1869 et
414 1805 483 1871 loca
497 1808 686 1872 venerabilia
703 1809 813 1895 potius
831 1810 982 1896 deprimit
997 1836 1094 1899 quam
1109 1814 1240 1893 exaltet,

285 1920 321 1970 et
352 1922 509 1993 quatenus
537 1912 749 1997 permittitur,
775 1912 984 1979 destructioni
1013 1938 1112 2001 quam
1142 1916 1240 1979 aedifi-

284 2009 405 2074 cationi
421 2011 519 2096 magis
533 2012 666 2078 insistit:
689 2036 762 2077 eum
778 2028 883 2078 tamen
899 2020 1004 2100 primo
1019 2039 1076 2103 per
1089 2018 1237 2082 nuntium

285 2125 317 2174 et
341 2110 463 2177 litteras
488 2111 655 2178 sollicitavi
681 2115 857 2195 absentem,
882 2117 1024 2204 itemque
1050 2131 1236 2205 praesentem

284 2213 316 2276 in
338 2213 420 2278 facie
445 2214 565 2280 domini
592 2217 845 2298 cantuariensis,
866 2232 896 2283 et
921 2220 1048 2284 tandem
1072 2243 1173 2306 quum
1196 2244 1236 2285 ex

280 2313 353 2379 aliis
366 2316 473 2380 cauus
483 2316 524 2380 ad
536 2331 643 2403 partes
658 2317 745 2384 illius
761 2320 995 2401 descenderem,
1006 2322 1114 2387 accitis
1128 2323 1237 2387 amicis

283 2427 315 2479 et
339 2416 553 2481 familiaribus
577 2418 647 2503 ejus
671 2418 747 2482 satis
773 2420 886 2497 institi,
906 2434 944 2485 ut
970 2421 994 2485 si
1022 2445 1083 2486 non
1110 2434 1235 2508 poterat

282 2519 393 2586 induci
405 2533 441 2586 ut
453 2519 544 2586 daret
555 2521 642 2606 quod
655 2521 834 2607 promisisse
848 2523 954 2590 dictus
968 2524 1236 2612 est,dispendium

282 2620 425 2686 ecclesias
440 2635 565 2696 vestroe,
589 2635 620 2686 et
638 2622 855 2687 confusionem
879 2637 1027 2700 vestram,
1052 2626 1236 2689 transmisso

282 2720 421 2807 alicujus
449 2720 552 2787 solatii
583 2721 735 2786 beneficio
772 2738 1001 2812 compensaret.
1063 2728 1235 2799 Caeterum,

280 2824 371 2911 quod
383 2825 424 2888 ab
436 2822 529 2889 initio
540 2825 781 2911 praesagiebam,
792 2839 913 2911 quanto
926 2825 1025 2908 magis
1037 2825 1235 2910 pulsabatur,

281 2949 321 2993 so
343 2926 448 3012 magis
469 2938 502 2992 et
526 2926 626 3011 magis
650 2925 800 2991 innotuit,
847 2926 986 2991 Dimisso
1010 2946 1086 3008 ergo
1109 2923 1234 3002 comite,

281 3027 372 3092 illum
389 3025 521 3114 quivos
540 3028 719 3114 deceperat,
736 3040 924 3113 persecutus
947 3049 1028 3103 sum,
1044 3024 1234 3111 obtinuique

281 3141 317 3194 ut
347 3151 423 3193 eum
452 3126 663 3193 anathematis
692 3127 822 3192 vinculo
858 3127 1097 3192 cantuariensis
1131 3126 1233 3191 archi-

281 3231 451 3316 episcopus
461 3228 638 3305 innodaret,
650 3241 682 3295 et
692 3228 884 3295 transmissis
893 3228 933 3293 ad
946 3229 1110 3315 episcopos
1119 3227 1234 3293 litteris

274 3332 405 3416 juberet
431 3330 666 3419 comprehendi.
726 3332 891 3415 Profugus
920 3331 1030 3416 itaque
1053 3331 1157 3395 factus
1186 3344 1234 3395 est

279 3433 394 3498 aiacis
417 3433 558 3508 Domini,
580 3446 618 3497 ut
640 3455 660 3496 a
682 3430 830 3497 fidelibus
852 3433 922 3518 ejus
943 3433 1072 3496 omnino
1093 3447 1231 3518 nequeat

279 3532 425 3599 inveniri.
472 3532 619 3597 Latitans
641 3543 748 3594 autem
770 3531 852 3595 forte
874 3530 969 3595 cellas
990 3544 1021 3596 et
1044 3534 1234 3597 monasteria

277 3636 405 3713 circuit,
426 3646 459 3700 et
483 3656 517 3697 se
541 3655 624 3697 nunc
649 3632 902 3709 cluniacensem,
924 3654 1010 3696 nunc
1032 3636 1232 3709 Remensern,

278 3749 336 3803 aut
359 3737 455 3821 cujus
479 3734 610 3799 libuerit
633 3732 834 3819 professionis
855 3733 1045 3797 monachum
1068 3735 1165 3820 gerit,
1190 3749 1233 3814 et,

278 3839 363 3904 sicut
377 3834 558 3922 accepimus
572 3837 612 3901 ab
628 3834 687 3910 his,
698 3835 757 3921 qui
773 3855 844 3898 eum
861 3834 1023 3911 viderunt,
1033 3835 1100 3920 jam
1117 3836 1233 3921 abjecit

276 3961 391 4005 nomen
423 3937 576 4014 infamias,
606 3950 639 4001 et
673 3960 705 4001 ae
737 3936 885 4000 Barathri
916 3933 1017 4000 lilium
1054 3936 1233 4001 radendum

277 4040 408 4106 omnino
428 4039 469 4104 de
491 4038 574 4103 libro
591 4040 754 4125 justorum
778 4050 810 4101 et
833 4037 917 4101 omni
939 4036 1081 4100 fidelium
1104 4060 1233 4122 congre-

277 4146 417 4229 gatione,
449 4140 629 4205 Radulfum
658 4138 785 4204 Baratri
810 4136 976 4204 diffitetur.
1026 4141 1112 4203 Puto
1137 4140 1231 4203 etiam

276 4246 363 4331 quod
381 4245 440 4330 qui
456 4242 645 4309 monachum
662 4240 785 4328 pridem
808 4241 934 4327 abjecit,
950 4240 1086 4326 projecit
1101 4253 1133 4304 et
1149 4258 1233 4302 nunc

276 4347 424 4413 habitum
441 4346 526 4429 ejus,
534 4344 566 4407 in
583 4367 648 4429 quo
664 4346 779 4409 metuit
791 4341 997 4429 deprehendi.
1030 4339 1093 4406 Sed
1104 4352 1232 4403 auctore
1312 4378 1317 4389 ·

726 4447 789 4507 aa
