3034 5500
288 745 352 804 200
544 758 679 802 roanms
695 757 973 804 sausseuumnms
1156 741 1198 820 [Δ.
1215 761 1241 805 υ.

288 909 401 988 facere,
425 908 556 995 justitia
582 909 734 984 dictante,
762 908 786 972 si
816 908 975 995 placuerit
1003 909 1062 974 illi.
1109 913 1176 975 Nec
1199 927 1240 974 est

288 1010 374 1096 quod
404 1034 527 1096 possem
554 1033 627 1074 cum
653 1011 839 1094 integritate
862 1012 959 1076 famae
986 1027 1019 1076 et
1046 1011 1239 1076 eonscientiae

287 1111 401 1189 lacere,
428 1114 512 1197 qnod
539 1136 597 1194 pro
624 1113 842 1197 recuperanda
864 1136 943 1197 pace
971 1128 1004 1179 et
1036 1114 1143 1200 gratia
1166 1114 1240 1199 ejus,

286 1215 390 1278 animo
421 1214 534 1279 libenti
565 1238 626 1279 non
656 1215 779 1279 faciam.
828 1215 958 1280 Placeat
988 1216 1103 1302 itaque
1133 1229 1237 1280 vestra

286 1314 462 1398 dignationi
479 1338 528 1378 me
542 1315 574 1378 in
590 1316 648 1378 hac
666 1330 755 1400 parte
771 1315 811 1378 ad
827 1313 980 1379 honorem
996 1316 1060 1379 Dei
1077 1320 1237 1390 instruere,

286 1429 318 1481 et
348 1417 425 1480 mibi
456 1440 512 1502 per
542 1416 772 1502 imperatricem
801 1429 831 1480 et
862 1417 953 1494 alios,
980 1432 1019 1482 ut
1046 1417 1236 1482 commodius

287 1519 390 1583 visum
406 1519 514 1599 fuerit,
529 1541 637 1605 pacem
659 1518 719 1582 sub
740 1518 841 1604 aequis
855 1519 1110 1596 conditionibus,
1127 1519 1235 1584 scilicet

288 1623 353 1686 sine
370 1621 581 1707 turpitudine,
597 1643 776 1707 procurare.

309 1859 529 1922 EPISTOLA
552 1858 741 1921 Clite-an
755 1873 902 1918 rucuma
918 1873 1215 1919 cauroameusau.

649 1957 694 2036 [Δ.
712 1977 742 2020 n.
762 1957 870 2038 noe]

342 2091 471 2153 Thomae
488 2091 720 2154 Cantauriensi
735 2092 980 2173 archiepiscopo,
995 2093 1146 2156 Jounnea
1158 2093 1196 2155 de

664 2193 861 2256 Sureaben'o.

328 2332 379 2394 Ex
395 2331 545 2394 relatione
557 2331 665 2393 latoris
678 2331 894 2412 praesentium,
908 2343 940 2394 et
955 2331 1056 2394 literis
1069 2353 1149 2414 quas
1163 2329 1232 2392 mihi

281 2435 376 2497 amici
388 2435 449 2496 mei
462 2434 502 2495 ab
516 2434 631 2513 Anglia
642 2434 895 2507 transmiserunt,
907 2432 1055 2515 poteritis
1067 2431 1232 2504 advertere,

282 2535 354 2618 quis
368 2536 514 2598 ecclesiae
530 2547 629 2597 status
652 2534 740 2596 sitin
762 2554 869 2614 regno.
908 2532 1007 2595 Mitto
1027 2534 1125 2597 etiam
1149 2533 1233 2594 vobis

281 2638 398 2714 literas,
424 2659 505 2721 quas
531 2637 608 2699 mibi
635 2636 721 2698 misit
748 2636 923 2718 episcopus
953 2635 1155 2707 Baiocensia
1182 2653 1233 2717 per

281 2741 436 2805 nuncium
450 2761 568 2815 meum,
583 2759 679 2820 quem
694 2735 733 2799 ad
748 2737 854 2818 ipsum
870 2734 1117 2811 destinaveram,
1132 2746 1168 2799 ut
1181 2757 1232 2819 per

282 2846 388 2928 ipsum
411 2844 592 2907 certiorarer
612 2840 651 2902 de
674 2852 758 2903 statu
780 2839 882 2901 fratris
905 2841 980 2911 mei,
1002 2851 1035 2902 et
1054 2860 1159 2901 rerum
1180 2860 1232 2901 no·

284 2959 428 3011 stratum.
453 2947 526 3008 Rex
537 2944 620 3006 enim
631 2944 659 3005 ei
670 2942 871 3004 commiserat
880 2940 1004 3003 reditus
1013 2952 1233 3021 nostrosquos

282 3052 315 3113 in
331 3048 562 3114 saresberiensi
577 3044 766 3128 episcopatu
780 3044 989 3106 habebamus.
1025 3044 1117 3115 Quos
1132 3057 1230 3107 autem

279 3152 477 3214 habebamus
493 3148 526 3209 in
538 3148 609 3209 aliis
623 3145 771 3208 eeclesiis
786 3145 901 3227 partim
916 3143 1135 3206 londoniensi
1149 3162 1230 3207 oom-

281 3248 376 3322 misit,
393 3250 506 3331 partim
522 3249 612 3310 aliis:
640 3248 695 3330 qui
714 3257 833 3309 tantam
855 3244 1056 3327 diligentiam
1071 3245 1229 3318 adhibent,

281 3366 316 3415 ut
330 3346 409 3413 nihil
424 3348 499 3411 inde
516 3350 676 3431 possimus
692 3348 808 3410 habere
824 3368 884 3428 ego
900 3358 932 3409 et
948 3347 1042 3409 frater
1059 3368 1159 3424 meus,
1173 3368 1228 3409 nec

224 3468 230 3481 ·
280 3454 396 3537 aliquis
411 3452 540 3513 nomine
557 3468 686 3525 nostro;
708 3461 740 3512 et
755 3449 839 3512 sicut
854 3449 993 3514 referunt
1007 3451 1066 3532 qui
1082 3449 1123 3513 de
1138 3450 1229 3533 parti·

280 3559 341 3620 bus
356 3556 418 3618 illis
440 3554 585 3628 redeunt,
600 3574 649 3614 res
670 3564 786 3614 nostrae
805 3550 1024 3634 dilapidantur
1043 3552 1184 3626 omnino,
1198 3563 1230 3614 ut

280 3683 340 3724 nec
361 3656 518 3729 ecclesiae,
533 3676 594 3717 nec
610 3654 724 3715 domus
744 3653 935 3716 reficiantur.
973 3655 1048 3735 Ego
1064 3675 1157 3738 super
1171 3654 1228 3716 hoe

280 3775 313 3826 et
324 3761 385 3844 ipsi
399 3754 616 3821 Londouiensi
628 3753 753 3835 scripsi,
765 3766 797 3815 et
809 3752 1054 3827 Heresordensi,
1066 3766 1098 3817 et
1109 3754 1229 3835 Wigor-

280 3862 383 3934 neusi,
400 3871 432 3921 et
452 3855 647 3922 Cicestrensi
670 3854 844 3936 episcopis,
859 3869 891 3915 et
913 3853 1141 3917 archidiacono
1163 3854 1231 3915 Pic-

277 3964 422 4027 taviensi.
461 3958 672 4023 Cicestrensis
688 3968 793 4019 autem
809 3977 841 4018 se
857 3977 876 4018 a
896 3956 1023 4019 domini
1038 3955 1123 4037 regis
1137 3954 1230 4036 gratia

279 4063 438 4128 excidisse
461 4062 672 4142 conqueritur,
689 4074 721 4120 et
735 4058 806 4120 haec
823 4057 919 4119 verba
934 4057 1120 4140 subjungit:
1148 4054 1228 4130 Quia

274 4167 362 4232 solus
392 4162 626 4223 [namucensis
660 4165 808 4221 censetur
841 4161 972 4221 nomine
999 4178 1068 4220 etto.
1119 4157 1229 4221 Nullus

277 4270 412 4334 aliorum
439 4263 514 4324 mihi
541 4260 715 4343 respondit.
755 4261 923 4343 Exspecto
943 4270 1051 4321 tamen
1071 4271 1106 4322 ut
1123 4259 1226 4322 saltem

278 4369 375 4435 rerba
385 4366 462 4430 dent
475 4365 552 4427 mihi
567 4363 662 4425 reteri
674 4364 778 4427 amico
794 4385 853 4426 suo
870 4363 903 4424 in
918 4361 1022 4425 reditu
1039 4362 1151 4426 nuncii
1161 4358 1227 4423 mei.
