3034 5500
278 738 479 818 ttae-ot.]
676 755 856 799 srtsrotar.
1173 743 1233 800 tot.

337 941 563 1006 EPISTOLA
587 940 744 1003 CV.—an
761 958 916 1003 aosoanu
933 959 1161 1004 cannraatau.

582 1073 703 1136 Bosoni
721 1075 930 1137 Cancettario.

319 1199 392 1264 Pno
408 1198 528 1262 honore
542 1210 575 1261 et
594 1196 755 1260 beneficiis
771 1219 789 1260 a
806 1197 894 1261 vobis
910 1198 985 1262 milri
1007 1212 1038 1263 et
1055 1201 1133 1265 meis
1148 1224 1235 1287 saepe

275 1301 401 1368 collatis
422 1299 558 1364 bonitati
582 1309 695 1361 vestrae
716 1296 834 1380 gratias
856 1322 928 1384 ago,
949 1322 1055 1379 orans,
1071 1315 1106 1365 ut
1128 1303 1160 1365 in
1184 1324 1234 1364 me

276 1426 339 1467 non
361 1412 503 1487 tepescat
525 1412 639 1462 vestrae
654 1397 795 1462 caritatis
815 1397 957 1474 affectus,
975 1401 1051 1484 quia
1072 1405 1130 1465 mei
1146 1402 1236 1465 obse-

277 1505 344 1591 quii
360 1503 490 1568 devotio
505 1523 567 1565 non
584 1501 728 1585 quiescit.
759 1501 878 1563 Verum
894 1502 971 1586 quia
984 1501 1155 1567 amicorum
1173 1505 1234 1568 sibi

276 1606 411 1669 invicem
435 1602 602 1667 reseranda
622 1615 697 1666 sunt
720 1614 861 1687 pectora,
876 1603 956 1687 quid
979 1605 1114 1667 animam
1132 1628 1234 1669 meam

274 1708 414 1771 maxime
430 1718 588 1789 torqueat,
603 1706 713 1789 paucis
727 1704 877 1788 aperiam.
921 1707 973 1768 Ex
989 1725 1055 1789 quo
1070 1719 1235 1789 promotus

275 1830 346 1872 sum
370 1808 402 1871 in
425 1806 623 1892 episcopum,
646 1819 763 1870 sauctae
787 1807 941 1870 Romanae
964 1807 1103 1870 ecclesiae
1125 1808 1235 1872 studui

276 1911 354 1975 totis
366 1909 488 1973 viribus
500 1907 662 1983 inservire,
672 1907 813 1984 credens,
823 1929 930 1971 amore
942 1921 972 1971 et
986 1909 1076 1973 cultu
1085 1909 1235 1994 justitiae,

277 2026 307 2076 et
320 2012 396 2097 jugi
412 2009 590 2073 devotionis
604 2008 800 2071 exhibitione
815 2032 865 2072 me
877 2032 966 2095 posse
982 2010 1083 2096 ipsius
1097 2011 1234 2095 gratiam
1296 2049 1306 2058 ·

276 2134 471 2199 comparare.
506 2113 669 2177 Caeterum
686 2131 776 2174 secus
791 2110 915 2178 accidit.
949 2112 1047 2175 Nullo
1063 2113 1088 2176 si
1104 2113 1233 2199 quidem

277 2214 351 2280 mali
375 2215 488 2278 merito
509 2212 550 2276 de
572 2212 763 2277 conscientia
783 2235 851 2276 mea
874 2215 1074 2298 procedente,
1092 2238 1142 2278 me
1164 2213 1235 2301 qui-

276 2316 350 2380 dam
374 2314 576 2378 dominorum
600 2335 740 2378 meorum
762 2315 981 2397 cardinalium,
1004 2330 1040 2381 ut
1062 2341 1081 2381 a
1103 2317 1236 2402 quibus-

275 2417 350 2482 dam
377 2417 486 2493 audio,
511 2416 683 2480 admodum
711 2432 959 2502 persequuntur.
1010 2419 1106 2494 Quod
1133 2443 1172 2483 ex
1196 2443 1234 2484 eo

277 2541 390 2582 verum
402 2541 469 2581 esse
481 2519 617 2581 maxime
628 2519 801 2604 perpendo,
813 2518 902 2604 quod
913 2520 1145 2584 detractoribus
1156 2524 1235 2586 meis

275 2623 397 2696 favent,
421 2633 453 2684 et
475 2619 670 2684 adversarios
692 2621 811 2685 fovent.
848 2622 896 2687 Sit
918 2646 995 2709 ergo
1014 2621 1235 2686 sollicitudinis

275 2737 403 2799 vestrae,
427 2734 465 2787 ut
487 2723 514 2787 si
536 2722 596 2785 hoc
618 2725 713 2807 culpa
736 2744 805 2786 mea
827 2724 1000 2808 promerui,
1019 2746 1092 2787 cum
1115 2716 1260 2789 debitoe'

274 2825 500 2892 satisfactionis
529 2826 635 2889 fructu
664 2846 725 2888 non
755 2837 908 2909 respuant
935 2826 1152 2911 poenitentem.
1199 2827 1233 2889 Si

275 2950 351 3004 uon,
368 2940 404 2991 ut
420 2926 526 3003 credo,
539 2926 712 3013 promerui,
723 2925 988 3009 contemplatione
1000 2925 1233 3004 misericordiae,

277 3042 310 3093 et
319 3030 403 3115 justi
421 3028 538 3115 judicii
555 3031 628 3104 Dei,
644 3026 804 3091 molestias
826 3028 925 3112 hujus
946 3026 1127 3091 acerbitatis
1149 3050 1235 3091 aruo-

277 3143 384 3209 reaut,
407 3144 439 3195 et
462 3154 480 3194 a
502 3153 535 3194 se
557 3152 618 3193 non
642 3129 785 3215 rejiciant
808 3143 924 3193 nostrae
946 3128 1121 3193 devotionis
1143 3132 1234 3195 obse·

275 3234 400 3319 quium.
427 3236 598 3309 Praeterea,
610 3229 698 3318 quod
710 3246 847 3296 mentem
860 3254 960 3296 meam
972 3230 1082 3294 dolore
1092 3233 1233 3316 graviori

275 3334 451 3409 exulcerat,
467 3334 614 3398 dominus
633 3357 729 3420 papa,
744 3334 801 3420 qui
817 3335 980 3420 praeterita
1000 3334 1114 3420 hyeme
1128 3336 1235 3421 petiti·

275 3459 353 3501 ones
367 3459 453 3500 meas
467 3459 529 3500 nou
545 3435 683 3511 admisit,
700 3435 887 3501 adversariis
907 3438 994 3515 meis,
1008 3452 1041 3503 et
1057 3438 1232 3523 praesertim

276 3538 440 3603 monacbis
463 3538 570 3603 Sancti
596 3537 782 3621 Augustini,
797 3539 974 3617 fasciculos,
989 3539 1108 3625 quibus
1128 3562 1234 3605 senec·

278 3653 381 3705 tutem
406 3661 506 3702 meam
530 3638 710 3714 obruerent,
733 3640 869 3704 contulit
892 3641 1088 3705 litterarum:
1120 3642 1160 3705 ad
1179 3644 1234 3707 ab-

276 3742 382 3805 batem
398 3741 504 3804 Sancti
516 3742 689 3825 Augustini
701 3742 741 3805 de
754 3741 897 3805 facienda
908 3733 1100 3828 professione
1112 3742 1234 3809 litteras

278 3842 356 3908 mihi
372 3843 518 3923 indulsit,
531 3864 617 3930 qnae,
633 3857 669 3908 ut
691 3866 767 3929 pace
781 3846 851 3931 ejus
871 3845 993 3929 loquar,
1008 3846 1036 3908 ei
1053 3869 1115 3909 non
1130 3860 1234 3911 essent

277 3947 401 4020 honori,
428 3960 460 4011 et
487 3946 566 4009 mihi
592 3946 725 4012 fuissent
750 3947 908 4023 dedecori,
935 3961 966 4012 et
996 3948 1104 4013 abbati
1130 3963 1233 4014 essent

277 4050 398 4114 suturae
422 4048 630 4135 contemptui.
670 4049 804 4134 Scripsit
826 4048 908 4112 euim
930 4051 1079 4126 tenuiter,
1103 4064 1140 4115 ut
1160 4074 1235 4136 pro·

278 4152 371 4215 fessio
395 4152 495 4214 lieret.
539 4155 582 4215 At
609 4150 664 4213 diu
688 4151 862 4215 cardinales
883 4175 900 4214 e
922 4166 1033 4215 contra
1054 4152 1167 4218 litteris
1188 4152 1235 4216 in·

277 4266 466 4319 struxerunt
488 4252 646 4327 abbatem,
672 4269 707 4318 ut
729 4254 915 4340 appellaret.
961 4256 1040 4332 Quis
1062 4276 1123 4316 non
1148 4251 1233 4316 videt

276 4355 398 4424 litteras
414 4354 488 4419 ltine
506 4354 579 4417 inde
601 4355 722 4433 missas,
739 4357 798 4419 nisi
814 4356 854 4419 ad
876 4355 1021 4439 ancipitis
1036 4376 1155 4443 pugnae
1171 4353 1235 4416 dis·
