3034 5500
419 789 462 849 Ἠ
682 802 820 847 mamus
835 799 1112 847 saussauarsusrs
1277 782 1321 864 [a.
1340 802 1370 848 n.

420 976 571 1039 coporum
584 950 1081 1028 consilio,dominoWintoniensi
1091 951 1240 1016 dedimus
1250 956 1283 1016 in
1294 975 1375 1016 man-

421 1055 515 1134 datis,
530 1078 569 1116 ne
584 1054 754 1140 praefatum
772 1055 951 1117 Jordanum
969 1077 1065 1139 super
1080 1055 1194 1118 scholis
1210 1068 1372 1139 pateretur

419 1157 578 1219 aJoanne
595 1155 729 1219 ulterius
744 1155 891 1240 fatigari:
916 1156 988 1220 etsi
1004 1179 1076 1219 eum
1093 1157 1250 1220 inveniret
1267 1171 1374 1221 vestre

419 1271 451 1322 et
473 1271 592 1322 nostrae
615 1257 814 1322 auctoritatis
835 1269 1094 1343 contemptorem,
1117 1259 1224 1342 ipsum
1249 1258 1372 1341 publice

420 1359 621 1423 denuntiaret
637 1359 846 1423 anathematis
859 1360 984 1425 vinculo
1000 1360 1196 1424 innodatum.
1233 1363 1373 1424 Postmo

420 1461 498 1526 dum
512 1483 587 1526 vero
602 1462 716 1548 elapsis
732 1461 842 1547 paucis
853 1462 966 1526 diebus
981 1463 1013 1526 in
1027 1475 1163 1526 nostram
1177 1465 1374 1549 praesentiam

421 1562 595 1639 redierunt,
605 1561 749 1626 Jordano
759 1562 1066 1647 veteremquerelam
1077 1562 1258 1626 innovante.
1285 1564 1375 1627 Dice·

421 1666 476 1729 bat
491 1667 575 1729 enim
588 1667 611 1728 J
612 1687 744 1728 oannem
758 1676 830 1750 post
844 1664 1048 1728 interdictum
1063 1687 1233 1750 usurpasse
1244 1664 1374 1739 scholas,

424 1767 503 1831 etin
520 1767 706 1831 sententiam
723 1765 933 1830 anathematis
948 1765 1106 1830 incidisse.
1150 1770 1292 1831 Joannes
1305 1789 1374 1830 vero

421 1867 482 1930 hoc
501 1868 752 1931 constantissime
767 1867 927 1931 inficiatus
947 1881 1006 1943 est,
1023 1880 1154 1951 paratus
1169 1866 1374 1935 incontinenti

422 1967 515 2031 tactis
530 1967 734 2031 sacrosanctis
754 1967 926 2050 evangeliis
937 1969 1058 2052 jurare,
1075 1969 1162 2054 quod
1184 1983 1260 2054 post
1276 1970 1377 2055 prohi-

422 2070 575 2135 bitionem
599 2082 738 2133 nostram
761 2071 978 2155 amagisterio
1001 2072 1177 2137 destiterat.
1225 2074 1256 2137 Ε
1271 2087 1377 2139 contra

423 2170 587 2234 Jordanus
609 2193 643 2234 se
665 2170 717 2234 die
739 2172 872 2255 praefixa
894 2175 1104 2258 probaturum
1127 2174 1270 2251 dicebat,
1285 2198 1379 2239 asser-

424 2274 510 2339 tione
526 2274 739 2358 legitimorum
757 2274 898 2350 testium,
916 2276 1004 2359 quod
1021 2292 1091 2362 post
1108 2276 1250 2341 edictum
1267 2277 1377 2361 magis-

425 2381 540 2442 terium
563 2391 759 2455 exercuerat,
781 2376 835 2440 sed
858 2381 996 2443 Joannes
1022 2379 1106 2441 diem
1130 2379 1270 2465 recipere
1292 2403 1377 2444 recu·

425 2481 516 2555 savit,
532 2479 640 2542 dicens
655 2479 768 2565 sejam
786 2479 816 2540 in
834 2479 998 2564 procinctu
1017 2479 1152 2543 Romani
1169 2481 1294 2546 itineris
1308 2504 1378 2559 eme,

425 2605 482 2646 vos
497 2593 756 2657 autem,auctore
775 2582 924 2655 Domino,
937 2580 1046 2664 litigiis
1056 2604 1164 2644 eorum
1183 2584 1281 2648 finem
1295 2584 1378 2649 debi-

427 2696 496 2751 tum
512 2681 690 2769 imponetis.

617 3003 840 3076 EPISTOLA
864 3004 1026 3066 XX.-so
1044 3022 1195 3065 susurru.

775 3140 922 3203 Adriano
938 3142 1049 3223 Pupoe.

485 3275 528 3339 lu
558 3296 653 3349 causa
683 3295 757 3357 quae
785 3272 919 3335 vertitur
949 3273 1031 3337 inter
1056 3272 1257 3339 Willelmum
1285 3276 1407 3344 fllium.

432 3375 613 3451 Godefridi,
648 3389 679 3441 ct
716 3374 918 3440 Wiiielmum
955 3376 1207 3441 Licheieldensis
1245 3380 1381 3446 ecclesias

430 3480 629 3554 canonicum,
644 3500 738 3564 super
759 3476 889 3542 ecclesia
910 3476 950 3542 de
972 3476 1105 3559 salawa,
1120 3503 1214 3563 quam
1236 3482 1385 3547 sanctitas

431 3597 536 3650 vestra
550 3580 722 3647 venerabili
738 3579 830 3646 fratri
852 3594 961 3644 nostro
985 3581 1140 3646 Gauterio
1158 3583 1384 3650 Conventreosi

429 3687 577 3772 episcopo
589 3681 759 3764 delegavit,
776 3681 816 3745 ad
829 3695 968 3745 nostram
982 3681 1175 3748 audientiam
1188 3684 1382 3770 appellatum

430 3802 490 3868 est,
505 3811 543 3851 eo
558 3783 643 3873 quod
661 3780 846 3849 Willelmus
868 3784 953 3852 iilius
969 3784 1011 3847 G.
1026 3784 1145 3851 curiam
1162 3785 1302 3874 episcopi
1320 3808 1385 3851 sus·

429 3902 555 3974 pectum
580 3887 711 3952 haberet
736 3900 772 3953 ut
795 3884 922 3949 dicebat
944 3889 1092 3972 episcopo
1115 3898 1182 3949 tum
1206 3887 1235 3950 ei
1257 3911 1381 3954 omnem

426 3991 522 4073 juxta
533 3987 718 4054 mandatum
729 4000 870 4051 vestrum
882 3988 1042 4072 justitiam
1054 3989 1250 4055 offerentem.
1274 3993 1382 4069 Quum

429 4111 506 4173 ergo
530 4086 707 4173 jamdictus
736 4085 918 4151 Willelmus
947 4087 1111 4152 resistente
1140 4089 1324 4155 adversario
1351 4092 1383 4157 in

430 4190 600 4277 prasentia
626 4202 735 4251 nostra
761 4210 850 4253 suam
878 4200 1069 4274 proponeret
1090 4194 1259 4268 actionem,
1281 4194 1383 4258 eidem

431 4291 617 4358 Willeimus
633 4290 896 4358 lichesfeldensis
911 4292 971 4355 sori
993 4294 1266 4378 proescriptiouem
1287 4319 1385 4382 oppo-

432 4396 506 4472 suit,
518 4392 762 4482 appelhttionem
779 4392 819 4457 ad
837 4415 893 4458 nos
905 4395 1022 4459 factam
1035 4417 1174 4459 asserens
1191 4418 1252 4460 non
1269 4410 1388 4474 tenere,
