3034 5500
298 766 362 825 nat
559 776 695 823 sossius
710 774 1003 823 ssnrnrmsrrsrs
1164 757 1249 837 [eo.

297 1041 518 1106 EPISTOLA
542 1041 820 1107 extrui-sn
833 1056 996 1102 rosam
1012 1054 1249 1101 nrcrsrrnssrrr

549 1159 748 1206 sersoormr.
776 1141 823 1220 [s.
839 1160 872 1204 n.
892 1140 1006 1220 troo]

592 1300 732 1363 Domino
747 1298 951 1362 pictavensi.

342 1439 447 1504 Parnl
462 1435 762 1510 misericordiarum,
778 1435 833 1519 qui
848 1456 908 1499 ros
921 1434 966 1498 ad
981 1435 1141 1499 lsontumn
1154 1457 1249 1512 mm,

296 1553 328 1605 et
342 1541 487 1605 ecclesiae
502 1540 679 1615 utilitatem,
694 1549 727 1600 et
748 1537 905 1619 narrfrsgii
919 1538 1023 1601 nostri
1040 1538 1198 1615 solatium,
1211 1537 1247 1602 dc

295 1642 383 1724 gravi
411 1640 592 1704 infirmitate
622 1637 735 1715 erexit,
763 1637 961 1720 multiplices
990 1647 1024 1703 et
1054 1636 1245 1702 omnimodus

296 1743 414 1824 gratias
428 1761 505 1822 ago;
536 1737 653 1802 deinde
669 1747 780 1800 restrae
795 1735 986 1818 dignationi,
1001 1759 1078 1820 quo
1093 1737 1156 1801 mei
1169 1739 1246 1802 solli·

295 1842 473 1907 citudinem
497 1836 711 1903 indesinenter
734 1848 767 1900 et
785 1838 960 1902 efficaciter
981 1858 1111 1919 gerens,
1133 1837 1246 1905 timoris

293 1954 327 2008 et
341 1943 463 2007 doloris
478 1942 551 2012 mei,
567 1939 608 2004 de
624 1951 727 2003 vestra
741 1937 931 2020 agrimdins
955 1938 1121 2022 concepti,
1135 1940 1244 2004 littera·

294 2066 363 2108 rum
389 2044 504 2107 solatio
530 2041 686 2121 mitigavit
713 2040 887 2123 angustias
932 2039 1001 2105 Sed
1026 2040 1107 2125 quie
1130 2051 1244 2124 postes.

293 2165 355 2208 nee
368 2142 410 2206 de
433 2144 530 2226 plens
544 2142 802 2207 convalescentis
815 2152 931 2217 restra,
944 2163 1007 2206 nec
1031 2141 1074 2206 de
1094 2142 1244 2227 prom'm

293 2258 325 2310 et
338 2252 465 2328 sperata
479 2265 559 2326 pace
574 2244 765 2308 certioratus
787 2265 868 2317 sum,
883 2245 1019 2308 latorem
1043 2245 1241 2328 presentium

292 2347 334 2412 sd
350 2367 404 2410 vos
419 2345 529 2410 censui
541 2345 830 2420 transmittendum,
842 2367 898 2429 per
912 2367 1010 2430 quem
1024 2346 1106 2411 milti
1116 2347 1244 2428 singule,

292 2470 365 2533 qum
380 2444 534 2531 expedire
548 2446 711 2524 noveritis,
726 2446 914 2528 diligentius
928 2447 1063 2513 rescribi
1078 2457 1148 2512 tots
1163 2467 1243 2514 nen·

292 2550 334 2614 tis
359 2545 527 2613 affectione
557 2548 717 2632 deposco:
756 2546 946 2631 etquidem
974 2569 1091 2631 paoem
1116 2559 1241 2613 restrrn

291 2650 439 2717 desidero
462 2652 646 2733 plurimum,
666 2670 727 2714 nee
750 2649 845 2714 video
868 2651 989 2734 quibus
1010 2652 1044 2715 in
1057 2671 1168 2747 ,caum
1186 2651 1241 2714 ists

292 2753 423 2837 possitis
444 2754 491 2817 uti
514 2752 732 2816 instrumentis
753 2750 796 2815 ad
819 2751 1041 2833 recuperanda
1055 2754 1107 2817 rel
1121 2772 1240 2818 conoer·

292 2856 399 2922 vsuda
410 2854 483 2939 juro
494 2855 642 2919 ecclesie
658 2864 781 2926 vestrae,
791 2853 853 2917 nisi
869 2852 922 2920 his
936 2874 1010 2937 quc
1024 2855 1166 2920 ecclesis
1179 2853 1243 2936 ipss

291 2968 323 3022 et
347 2959 407 3022 lilii
431 2958 502 3043 ejus
526 2954 775 3022 ministraverint
802 2956 903 3032 robis,
927 2966 984 3020 sut
1013 2978 1088 3040 ane
1113 2955 1157 3022 de
1176 2957 1242 3040 jore

290 3060 453 3124 communi
482 3059 604 3123 caeteris
634 3058 782 3124 ecclesiis
818 3059 1042 3139 suffisgsntur,
1071 3057 1242 3142 prassini·

289 3180 388 3242 quum
399 3162 496 3225 homo
508 3160 699 3241 alienigene,
707 3171 740 3223 et
750 3159 837 3241 apud
848 3172 977 3223 exteras
986 3171 1102 3241 gentes
1110 3160 1240 3225 nutritur

288 3271 322 3323 et
346 3259 519 3334 institutus,
542 3261 700 3344 speciales
724 3259 960 3343 Aquitsnonrrn
986 3262 1242 3337 eonsuetudines.

289 3360 473 3426 etinaudita
479 3361 553 3446 jure
563 3384 629 3428 uon
642 3362 779 3427 sufficiat
787 3362 934 3427 edocere.
971 3362 1241 3449 Undsquumros

287 3460 369 3525 nihil
395 3484 438 3527 ex
462 3464 724 3545 contingentibus
748 3464 919 3528 omiseritis
945 3466 997 3529 sel
1024 3462 1238 3542 omittatis,si

288 3584 384 3629 csusa
397 3565 553 3642 ecelesias,
567 3567 643 3631 filiis
655 3566 727 3649 ejus
742 3564 1031 3645 dissimulantibus,
1046 3578 1105 3632 sut
1124 3584 1239 3651 prora·

287 3666 463 3732 ricantibus
479 3668 686 3750 periclitetur,
700 3688 769 3732 non
782 3667 934 3751 estquod
950 3679 1064 3734 vestre
1082 3669 1241 3752 negligen-

288 3772 341 3833 tie
368 3769 485 3835 debeat
509 3769 669 3853 imputari.
715 3770 796 3842 Quis
820 3771 906 3834 enim
931 3770 997 3834 nisi
1020 3790 1134 3855 parum
1160 3791 1240 3837 nn·

286 3873 412 3949 mentis,
428 3885 460 3936 et
474 3893 618 3957 praeeeps
632 3881 687 3935 aut
705 3872 819 3949 hostis,
834 3874 992 3949 consulet,
1007 3884 1044 3937 ut
1058 3875 1131 3938 sine
1149 3874 1238 3937 ratio

286 3993 362 4035 num
383 3984 416 4036 et
431 3975 541 4037 virium
565 3974 715 4054 suffragio
740 3977 827 4038 solus
852 3984 963 4038 contra
986 3985 1172 4049 torrentem,
1186 3974 1239 4058 qui

285 4074 394 4135 omnia
416 4086 489 4156 post
512 4098 545 4138 se
568 4073 674 4145 trahit,
690 4086 722 4137 et
746 4075 908 4151 subvertit,
922 4075 1058 4140 brachia
1081 4077 1237 4140 incassum

285 4175 487 4255 presumatis
512 4173 654 4257 erigere?
698 4174 781 4238 Nam
809 4176 1002 4258 complacita
1028 4180 1124 4261 pacis
1145 4179 1239 4241 forma

283 4274 425 4357 speciem
449 4276 618 4356 praetendit
640 4277 811 4360 equitatis,
833 4288 865 4339 et
887 4298 1006 4352 revera,
1028 4280 1055 4342 si
1078 4280 1155 4344 fidei
1178 4279 1238 4342 sin·

284 4378 413 4440 ceritate
436 4378 624 4460 simpliciter
646 4379 796 4462 utrinque
818 4381 851 4442 in
873 4379 1099 4446 contrahendo
1119 4393 1238 4464 geramr
