<?xml version="1.0" encoding="UTF-8"?>
<!DOCTYPE html PUBLIC "-//W3C//DTD XHTML 1.0 Transitional//EN"
    "http://www.w3.org/TR/xhtml1/DTD/xhtml1-transitional.dtd">
<html xmlns="http://www.w3.org/1999/xhtml" xml:lang="en" lang="en">
 <head>
  <title>
</title>
<meta http-equiv="Content-Type" content="text/html;charset=utf-8" />
  <meta name='ocr-system' content='tesseract 3.04.00' />
  <meta name='ocr-capabilities' content='ocr_page ocr_carea ocr_par ocr_line ocrx_word'/>
</head>
<body>
  <div class='ocr_page' id='page_1' title='image "./joannissaresber16johngoog_0293.png"; bbox 0 0 3034 5500; ppageno 0'>
   <div class='ocr_carea' id='block_1_1' title="bbox 283 768 1233 846">
    <p class='ocr_par' dir='ltr' id='par_1_1' title="bbox 283 768 1233 846">
     <span class='ocr_line' id='line_1_1' title="bbox 283 768 1233 846; baseline 0 -15"><span class='ocrx_word' id='word_1_1' title='bbox 283 768 389 846; x_wconf 75' lang='lat' dir='ltr'><strong>tlon]</strong></span> <span class='ocrx_word' id='word_1_2' title='bbox 678 785 856 829; x_wconf 71' lang='lat' dir='ltr'><strong>ariarate.</strong></span> <span class='ocrx_word' id='word_1_3' title='bbox 1173 775 1233 831; x_wconf 74' lang='lat'><strong>271</strong></span> 
     </span>
    </p>
   </div>
   <div class='ocr_carea' id='block_1_2' title="bbox 275 931 1235 1226">
    <p class='ocr_par' dir='ltr' id='par_1_2' title="bbox 275 931 1235 1226">
     <span class='ocr_line' id='line_1_2' title="bbox 276 931 1233 1020; baseline -0.001 -20"><span class='ocrx_word' id='word_1_4' title='bbox 276 958 347 1000; x_wconf 87' lang='lat' dir='ltr'><strong>sum</strong></span> <span class='ocrx_word' id='word_1_5' title='bbox 371 931 605 1020; x_wconf 73' lang='lat' dir='ltr'><strong>illis&#39;quotidie</strong></span> <span class='ocrx_word' id='word_1_6' title='bbox 628 931 706 995; x_wconf 90' lang='lat' dir='ltr'><strong>velit</strong></span> <span class='ocrx_word' id='word_1_7' title='bbox 732 932 870 1014; x_wconf 84' lang='lat' dir='ltr'><strong>irrogare</strong></span> <span class='ocrx_word' id='word_1_8' title='bbox 894 935 926 997; x_wconf 92' lang='lat' dir='ltr'><strong>in</strong></span> <span class='ocrx_word' id='word_1_9' title='bbox 952 933 1069 1000; x_wconf 91' lang='lat' dir='ltr'><strong>cibum.</strong></span> <span class='ocrx_word' id='word_1_10' title='bbox 1118 936 1233 1000; x_wconf 82' lang='lat' dir='ltr'>Nonne</span> 
     </span>
     <span class='ocr_line' id='line_1_3' title="bbox 275 1032 1235 1120; baseline -0.003 -18"><span class='ocrx_word' id='word_1_11' title='bbox 275 1036 461 1101; x_wconf 88' lang='lat' dir='ltr'><strong>doctoribus</strong></span> <span class='ocrx_word' id='word_1_12' title='bbox 491 1032 769 1118; x_wconf 78' lang='lat' dir='ltr'><strong>improperabitur,</strong></span> <span class='ocrx_word' id='word_1_13' title='bbox 800 1033 876 1119; x_wconf 90' lang='lat' dir='ltr'><strong>qnia</strong></span> <span class='ocrx_word' id='word_1_14' title='bbox 912 1035 1035 1120; x_wconf 84' lang='lat' dir='ltr'><strong>parvuli</strong></span> <span class='ocrx_word' id='word_1_15' title='bbox 1073 1035 1235 1120; x_wconf 90' lang='lat' dir='ltr'><strong>petierunt</strong></span> 
     </span>
     <span class='ocr_line' id='line_1_4' title="bbox 277 1133 963 1226; baseline -0.009 -22"><span class='ocrx_word' id='word_1_16' title='bbox 277 1160 409 1226; x_wconf 87' lang='lat' dir='ltr'><strong>penem,</strong></span> <span class='ocrx_word' id='word_1_17' title='bbox 425 1147 459 1201; x_wconf 94' lang='lat' dir='ltr'><strong>et</strong></span> <span class='ocrx_word' id='word_1_18' title='bbox 475 1157 539 1199; x_wconf 91' lang='lat' dir='ltr'><strong>non</strong></span> <span class='ocrx_word' id='word_1_19' title='bbox 555 1134 616 1198; x_wconf 84' lang='lat' dir='ltr'><strong>suit</strong></span> <span class='ocrx_word' id='word_1_20' title='bbox 630 1139 686 1220; x_wconf 90' lang='lat' dir='ltr'><strong>qni</strong></span> <span class='ocrx_word' id='word_1_21' title='bbox 701 1133 862 1217; x_wconf 81' lang='lat' dir='ltr'><strong>frangeret</strong></span> <span class='ocrx_word' id='word_1_22' title='bbox 877 1134 963 1200; x_wconf 88' lang='lat' dir='ltr'><strong>illis?</strong></span> 
     </span>
    </p>
   </div>
   <div class='ocr_carea' id='block_1_3' title="bbox 303 1455 1211 1632">
    <p class='ocr_par' dir='ltr' id='par_1_3' title="bbox 303 1455 1211 1632">
     <span class='ocr_line' id='line_1_5' title="bbox 303 1455 1211 1521; baseline -0.004 0"><span class='ocrx_word' id='word_1_23' title='bbox 303 1457 528 1521; x_wconf 84' lang='lat' dir='ltr'><strong>EPISTOLA</strong></span> <span class='ocrx_word' id='word_1_24' title='bbox 551 1455 773 1518; x_wconf 69' lang='lat' dir='ltr'><strong>CLXX—ao</strong></span> <span class='ocrx_word' id='word_1_25' title='bbox 789 1472 1044 1516; x_wconf 73' lang='lat' dir='ltr'><strong>andernenensi</strong></span> <span class='ocrx_word' id='word_1_26' title='bbox 1059 1473 1211 1517; x_wconf 80' lang='lat' dir='ltr'><strong>rnioneu</strong></span> 
     </span>
     <span class='ocr_line' id='line_1_6' title="bbox 469 1554 1049 1632; baseline -0.003 -14"><span class='ocrx_word' id='word_1_27' title='bbox 469 1575 512 1618; x_wconf 81' lang='lat' dir='ltr'><strong>ou</strong></span> <span class='ocrx_word' id='word_1_28' title='bbox 529 1573 633 1618; x_wconf 74' lang='lat' dir='ltr'><strong>vanna</strong></span> <span class='ocrx_word' id='word_1_29' title='bbox 651 1575 677 1615; x_wconf 90' lang='lat' dir='ltr'><strong>s.</strong></span> <span class='ocrx_word' id='word_1_30' title='bbox 694 1573 804 1616; x_wconf 76' lang='lat' dir='ltr'><strong>perer.</strong></span> <span class='ocrx_word' id='word_1_31' title='bbox 832 1554 877 1632; x_wconf 76' lang='lat' dir='ltr'><strong>[a.</strong></span> <span class='ocrx_word' id='word_1_32' title='bbox 891 1573 921 1615; x_wconf 87' lang='lat' dir='ltr'><strong>n.</strong></span> <span class='ocrx_word' id='word_1_33' title='bbox 941 1554 1049 1632; x_wconf 74' lang='lat' dir='ltr'><strong>ileo]</strong></span> 
     </span>
    </p>
   </div>
   <div class='ocr_carea' id='block_1_4' title="bbox 387 1715 1130 1797">
    <p class='ocr_par' dir='ltr' id='par_1_4' title="bbox 387 1715 1130 1797">
     <span class='ocr_line' id='line_1_7' title="bbox 387 1715 1130 1797; baseline 0 -19"><span class='ocrx_word' id='word_1_34' title='bbox 387 1715 585 1797; x_wconf 71' lang='lat' dir='ltr'><strong>Enpelberlo</strong></span> <span class='ocrx_word' id='word_1_35' title='bbox 600 1715 714 1776; x_wconf 84' lang='lat' dir='ltr'><strong>Priori</strong></span> <span class='ocrx_word' id='word_1_36' title='bbox 729 1715 769 1776; x_wconf 85' lang='lat' dir='ltr'><strong>de</strong></span> <span class='ocrx_word' id='word_1_37' title='bbox 793 1717 881 1777; x_wconf 79' lang='lat' dir='ltr'><strong>Valle</strong></span> <span class='ocrx_word' id='word_1_38' title='bbox 896 1716 1013 1777; x_wconf 83' lang='lat' dir='ltr'><strong>Sancti</strong></span> <span class='ocrx_word' id='word_1_39' title='bbox 1028 1718 1130 1778; x_wconf 81' lang='lat' dir='ltr'><strong>Petri.</strong></span> 
     </span>
    </p>
   </div>
   <div class='ocr_carea' id='block_1_5' title="bbox 279 1849 1238 4450">
    <p class='ocr_par' dir='ltr' id='par_1_5' title="bbox 279 1849 1238 4450">
     <span class='ocr_line' id='line_1_8' title="bbox 323 1849 1234 1927; baseline 0 -14"><span class='ocrx_word' id='word_1_40' title='bbox 323 1852 453 1914; x_wconf 78' lang='lat' dir='ltr'><strong>Runura</strong></span> <span class='ocrx_word' id='word_1_41' title='bbox 469 1850 583 1912; x_wconf 81' lang='lat' dir='ltr'><strong>subitae</strong></span> <span class='ocrx_word' id='word_1_42' title='bbox 604 1849 797 1911; x_wconf 85' lang='lat' dir='ltr'><strong>mutationes</strong></span> <span class='ocrx_word' id='word_1_43' title='bbox 817 1851 921 1911; x_wconf 88' lang='lat' dir='ltr'><strong>solent</strong></span> <span class='ocrx_word' id='word_1_44' title='bbox 936 1853 1046 1913; x_wconf 85' lang='lat' dir='ltr'><strong>afferre</strong></span> <span class='ocrx_word' id='word_1_45' title='bbox 1062 1854 1234 1927; x_wconf 81' lang='lat' dir='ltr'><strong>molestias,</strong></span> 
     </span>
     <span class='ocr_line' id='line_1_9' title="bbox 280 1950 1233 2036; baseline -0.002 -20"><span class='ocrx_word' id='word_1_46' title='bbox 280 1965 311 2016; x_wconf 89' lang='lat' dir='ltr'><strong>et</strong></span> <span class='ocrx_word' id='word_1_47' title='bbox 327 1953 385 2036; x_wconf 92' lang='lat' dir='ltr'><strong>qni</strong></span> <span class='ocrx_word' id='word_1_48' title='bbox 400 1953 539 2013; x_wconf 88' lang='lat' dir='ltr'><strong>bonores</strong></span> <span class='ocrx_word' id='word_1_49' title='bbox 559 1952 748 2017; x_wconf 79' lang='lat' dir='ltr'><strong>ambierant.</strong></span> <span class='ocrx_word' id='word_1_50' title='bbox 765 1950 841 2012; x_wconf 87' lang='lat' dir='ltr'><strong>dnm</strong></span> <span class='ocrx_word' id='word_1_51' title='bbox 862 1952 909 2014; x_wconf 86' lang='lat' dir='ltr'><strong>eis</strong></span> <span class='ocrx_word' id='word_1_52' title='bbox 930 1953 1124 2017; x_wconf 83' lang='lat' dir='ltr'><strong>cohaereutia</strong></span> <span class='ocrx_word' id='word_1_53' title='bbox 1139 1954 1233 2016; x_wconf 91' lang='lat' dir='ltr'><strong>susti·</strong></span> 
     </span>
     <span class='ocr_line' id='line_1_10' title="bbox 280 2053 1232 2135; baseline 0 -19"><span class='ocrx_word' id='word_1_54' title='bbox 280 2067 358 2117; x_wconf 91' lang='lat' dir='ltr'><strong>nent</strong></span> <span class='ocrx_word' id='word_1_55' title='bbox 385 2074 492 2129; x_wconf 90' lang='lat' dir='ltr'><strong>onera,</strong></span> <span class='ocrx_word' id='word_1_56' title='bbox 515 2055 704 2135; x_wconf 88' lang='lat' dir='ltr'><strong>plerumque</strong></span> <span class='ocrx_word' id='word_1_57' title='bbox 732 2053 895 2127; x_wconf 88' lang='lat' dir='ltr'><strong>satiscnnl,</strong></span> <span class='ocrx_word' id='word_1_58' title='bbox 920 2064 952 2116; x_wconf 89' lang='lat' dir='ltr'><strong>et</strong></span> <span class='ocrx_word' id='word_1_59' title='bbox 977 2055 1089 2117; x_wconf 92' lang='lat' dir='ltr'><strong>dolent</strong></span> <span class='ocrx_word' id='word_1_60' title='bbox 1112 2076 1146 2117; x_wconf 90' lang='lat' dir='ltr'><strong>se</strong></span> <span class='ocrx_word' id='word_1_61' title='bbox 1167 2055 1232 2116; x_wconf 92' lang='lat' dir='ltr'><strong>voti</strong></span> 
     </span>
     <span class='ocr_line' id='line_1_11' title="bbox 281 2154 1233 2239; baseline -0.002 -21"><span class='ocrx_word' id='word_1_62' title='bbox 281 2165 450 2239; x_wconf 89' lang='lat' dir='ltr'><strong>compotes</strong></span> <span class='ocrx_word' id='word_1_63' title='bbox 466 2154 621 2216; x_wconf 84' lang='lat' dir='ltr'><strong>extitisse.</strong></span> <span class='ocrx_word' id='word_1_64' title='bbox 668 2155 769 2216; x_wconf 86' lang='lat' dir='ltr'><strong>Recte</strong></span> <span class='ocrx_word' id='word_1_65' title='bbox 791 2154 939 2236; x_wconf 85' lang='lat' dir='ltr'><strong>quidem:</strong></span> <span class='ocrx_word' id='word_1_66' title='bbox 964 2157 1092 2218; x_wconf 89' lang='lat' dir='ltr'><strong>sienim</strong></span> <span class='ocrx_word' id='word_1_67' title='bbox 1108 2155 1233 2237; x_wconf 76' lang='lat' dir='ltr'><strong>reprobi</strong></span> 
     </span>
     <span class='ocr_line' id='line_1_12' title="bbox 279 2253 1234 2341; baseline -0.002 -23"><span class='ocrx_word' id='word_1_68' title='bbox 279 2257 355 2333; x_wconf 87' lang='lat' dir='ltr'><strong>sint,</strong></span> <span class='ocrx_word' id='word_1_69' title='bbox 380 2255 567 2336; x_wconf 83' lang='lat' dir='ltr'><strong>iniquitates</strong></span> <span class='ocrx_word' id='word_1_70' title='bbox 591 2274 698 2314; x_wconf 90' lang='lat' dir='ltr'><strong>eonrm</strong></span> <span class='ocrx_word' id='word_1_71' title='bbox 718 2253 809 2336; x_wconf 89' lang='lat' dir='ltr'><strong>justa</strong></span> <span class='ocrx_word' id='word_1_72' title='bbox 833 2277 930 2336; x_wconf 86' lang='lat' dir='ltr'><strong>poena</strong></span> <span class='ocrx_word' id='word_1_73' title='bbox 955 2258 1171 2341; x_wconf 82' lang='lat' dir='ltr'><strong>persequitur:</strong></span> <span class='ocrx_word' id='word_1_74' title='bbox 1206 2255 1234 2317; x_wconf 88' lang='lat' dir='ltr'><strong>si</strong></span> 
     </span>
     <span class='ocr_line' id='line_1_13' title="bbox 280 2355 1232 2440; baseline -0.001 -21"><span class='ocrx_word' id='word_1_75' title='bbox 280 2356 484 2440; x_wconf 74' lang='lat' dir='ltr'><strong>praeordinari</strong></span> <span class='ocrx_word' id='word_1_76' title='bbox 502 2355 544 2417; x_wconf 89' lang='lat' dir='ltr'><strong>ad</strong></span> <span class='ocrx_word' id='word_1_77' title='bbox 559 2355 668 2430; x_wconf 79' lang='lat' dir='ltr'><strong>vitam,</strong></span> <span class='ocrx_word' id='word_1_78' title='bbox 683 2368 851 2438; x_wconf 72' lang='lat' dir='ltr'><strong>conceptae</strong></span> <span class='ocrx_word' id='word_1_79' title='bbox 866 2359 1050 2421; x_wconf 87' lang='lat' dir='ltr'><strong>ambitionis</strong></span> <span class='ocrx_word' id='word_1_80' title='bbox 1065 2377 1232 2421; x_wconf 86' lang='lat' dir='ltr'><strong>excessum</strong></span> 
     </span>
     <span class='ocr_line' id='line_1_14' title="bbox 281 2457 1233 2538; baseline -0.002 -16"><span class='ocrx_word' id='word_1_81' title='bbox 281 2458 440 2522; x_wconf 90' lang='lat' dir='ltr'><strong>consumit</strong></span> <span class='ocrx_word' id='word_1_82' title='bbox 455 2457 510 2538; x_wconf 91' lang='lat' dir='ltr'><strong>pia</strong></span> <span class='ocrx_word' id='word_1_83' title='bbox 524 2457 692 2538; x_wconf 87' lang='lat' dir='ltr'><strong>correpti0,</strong></span> <span class='ocrx_word' id='word_1_84' title='bbox 708 2468 739 2519; x_wconf 90' lang='lat' dir='ltr'><strong>et</strong></span> <span class='ocrx_word' id='word_1_85' title='bbox 752 2459 940 2521; x_wconf 86' lang='lat' dir='ltr'><strong>exercitatio</strong></span> <span class='ocrx_word' id='word_1_86' title='bbox 955 2460 1114 2522; x_wconf 85' lang='lat' dir='ltr'><strong>laboriosa</strong></span> <span class='ocrx_word' id='word_1_87' title='bbox 1128 2460 1233 2521; x_wconf 86' lang='lat' dir='ltr'><strong>cohae·</strong></span> 
     </span>
     <span class='ocr_line' id='line_1_15' title="bbox 280 2558 1233 2641; baseline 0.001 -21"><span class='ocrx_word' id='word_1_88' title='bbox 280 2569 388 2622; x_wconf 88' lang='lat' dir='ltr'><strong>rentes</strong></span> <span class='ocrx_word' id='word_1_89' title='bbox 410 2558 588 2620; x_wconf 86' lang='lat' dir='ltr'><strong>honoribus</strong></span> <span class='ocrx_word' id='word_1_90' title='bbox 610 2569 664 2618; x_wconf 90' lang='lat' dir='ltr'><strong>ant</strong></span> <span class='ocrx_word' id='word_1_91' title='bbox 686 2558 855 2637; x_wconf 84' lang='lat' dir='ltr'><strong>extinguit,</strong></span> <span class='ocrx_word' id='word_1_92' title='bbox 878 2570 933 2620; x_wconf 92' lang='lat' dir='ltr'><strong>ant</strong></span> <span class='ocrx_word' id='word_1_93' title='bbox 955 2562 1097 2641; x_wconf 82' lang='lat' dir='ltr'><strong>reprimit</strong></span> <span class='ocrx_word' id='word_1_94' title='bbox 1119 2562 1233 2641; x_wconf 87' lang='lat' dir='ltr'><strong>volup·</strong></span> 
     </span>
     <span class='ocr_line' id='line_1_16' title="bbox 279 2659 1234 2741; baseline -0.001 -19"><span class='ocrx_word' id='word_1_95' title='bbox 279 2672 372 2722; x_wconf 84' lang='lat' dir='ltr'><strong>tates.</strong></span> <span class='ocrx_word' id='word_1_96' title='bbox 419 2660 467 2720; x_wconf 90' lang='lat' dir='ltr'><strong>Te</strong></span> <span class='ocrx_word' id='word_1_97' title='bbox 492 2679 621 2741; x_wconf 92' lang='lat' dir='ltr'><strong>qnoque</strong></span> <span class='ocrx_word' id='word_1_98' title='bbox 645 2659 735 2720; x_wconf 83' lang='lat' dir='ltr'><strong>facile</strong></span> <span class='ocrx_word' id='word_1_99' title='bbox 759 2659 949 2721; x_wconf 84' lang='lat' dir='ltr'><strong>crediderim</strong></span> <span class='ocrx_word' id='word_1_100' title='bbox 970 2661 1011 2721; x_wconf 91' lang='lat' dir='ltr'><strong>de</strong></span> <span class='ocrx_word' id='word_1_101' title='bbox 1033 2673 1096 2721; x_wconf 88' lang='lat' dir='ltr'><strong>tam</strong></span> <span class='ocrx_word' id='word_1_102' title='bbox 1120 2660 1234 2722; x_wconf 89' lang='lat' dir='ltr'><strong>subitis</strong></span> 
     </span>
     <span class='ocr_line' id='line_1_17' title="bbox 279 2759 1232 2842; baseline -0.003 -19"><span class='ocrx_word' id='word_1_103' title='bbox 279 2760 511 2823; x_wconf 88' lang='lat' dir='ltr'><strong>mutationibus</strong></span> <span class='ocrx_word' id='word_1_104' title='bbox 539 2760 662 2842; x_wconf 87' lang='lat' dir='ltr'><strong>aliquas</strong></span> <span class='ocrx_word' id='word_1_105' title='bbox 688 2759 877 2840; x_wconf 87' lang='lat' dir='ltr'><strong>concepisse</strong></span> <span class='ocrx_word' id='word_1_106' title='bbox 901 2761 1081 2822; x_wconf 88' lang='lat' dir='ltr'><strong>molestias:</strong></span> <span class='ocrx_word' id='word_1_107' title='bbox 1113 2760 1169 2822; x_wconf 92' lang='lat' dir='ltr'><strong>sed</strong></span> <span class='ocrx_word' id='word_1_108' title='bbox 1192 2779 1232 2821; x_wconf 80' lang='lat' dir='ltr'><strong>ex</strong></span> 
     </span>
     <span class='ocr_line' id='line_1_18' title="bbox 281 2852 1231 2941; baseline -0.003 -17"><span class='ocrx_word' id='word_1_109' title='bbox 281 2863 361 2938; x_wconf 86' lang='lat' dir='ltr'><strong>aliis,</strong></span> <span class='ocrx_word' id='word_1_110' title='bbox 377 2873 409 2923; x_wconf 91' lang='lat' dir='ltr'><strong>et</strong></span> <span class='ocrx_word' id='word_1_111' title='bbox 430 2852 526 2941; x_wconf 83' lang='lat' dir='ltr'><strong>longe</strong></span> <span class='ocrx_word' id='word_1_112' title='bbox 549 2859 692 2930; x_wconf 66' lang='lat' dir='ltr'><strong>dirersis</strong></span> <span class='ocrx_word' id='word_1_113' title='bbox 715 2872 745 2921; x_wconf 90' lang='lat' dir='ltr'><strong>et</strong></span> <span class='ocrx_word' id='word_1_114' title='bbox 765 2860 830 2921; x_wconf 84' lang='lat' dir='ltr'><strong>sere</strong></span> <span class='ocrx_word' id='word_1_115' title='bbox 851 2859 1094 2922; x_wconf 87' lang='lat' dir='ltr'><strong>adversantibus</strong></span> <span class='ocrx_word' id='word_1_116' title='bbox 1117 2860 1231 2922; x_wconf 88' lang='lat' dir='ltr'><strong>causis.</strong></span> 
     </span>
     <span class='ocr_line' id='line_1_19' title="bbox 280 2960 1233 3043; baseline -0.005 -17"><span class='ocrx_word' id='word_1_117' title='bbox 280 2964 361 3035; x_wconf 86' lang='lat' dir='ltr'><strong>Quis</strong></span> <span class='ocrx_word' id='word_1_118' title='bbox 381 2963 465 3024; x_wconf 90' lang='lat' dir='ltr'><strong>enim</strong></span> <span class='ocrx_word' id='word_1_119' title='bbox 488 2960 667 3042; x_wconf 87' lang='lat' dir='ltr'><strong>suspicetur</strong></span> <span class='ocrx_word' id='word_1_120' title='bbox 691 2972 719 3021; x_wconf 88' lang='lat' dir='ltr'><strong>tc</strong></span> <span class='ocrx_word' id='word_1_121' title='bbox 741 2961 878 3043; x_wconf 90' lang='lat' dir='ltr'><strong>alicnjns</strong></span> <span class='ocrx_word' id='word_1_122' title='bbox 901 2961 1085 3023; x_wconf 86' lang='lat' dir='ltr'><strong>ambitionis</strong></span> <span class='ocrx_word' id='word_1_123' title='bbox 1105 2960 1233 3023; x_wconf 89' lang='lat' dir='ltr'><strong>stimulo</strong></span> 
     </span>
     <span class='ocr_line' id='line_1_20' title="bbox 282 3061 1234 3143; baseline -0.004 -17"><span class='ocrx_word' id='word_1_124' title='bbox 282 3065 460 3138; x_wconf 88' lang='lat' dir='ltr'><strong>incitatum,</strong></span> <span class='ocrx_word' id='word_1_125' title='bbox 491 3073 525 3123; x_wconf 90' lang='lat' dir='ltr'><strong>nt</strong></span> <span class='ocrx_word' id='word_1_126' title='bbox 553 3062 691 3123; x_wconf 90' lang='lat' dir='ltr'><strong>honores</strong></span> <span class='ocrx_word' id='word_1_127' title='bbox 721 3075 899 3143; x_wconf 85' lang='lat' dir='ltr'><strong>appeteres,</strong></span> <span class='ocrx_word' id='word_1_128' title='bbox 925 3074 960 3123; x_wconf 90' lang='lat' dir='ltr'><strong>nt</strong></span> <span class='ocrx_word' id='word_1_129' title='bbox 990 3061 1234 3143; x_wconf 88' lang='lat' dir='ltr'><strong>concupisceres</strong></span> 
     </span>
     <span class='ocr_line' id='line_1_21' title="bbox 282 3161 1234 3244; baseline -0.002 -19"><span class='ocrx_word' id='word_1_130' title='bbox 282 3164 429 3225; x_wconf 88' lang='lat' dir='ltr'><strong>mollitias</strong></span> <span class='ocrx_word' id='word_1_131' title='bbox 461 3163 672 3244; x_wconf 76' lang='lat' dir='ltr'><strong>voluptatum,</strong></span> <span class='ocrx_word' id='word_1_132' title='bbox 701 3171 737 3223; x_wconf 89' lang='lat' dir='ltr'><strong>nt</strong></span> <span class='ocrx_word' id='word_1_133' title='bbox 775 3161 928 3243; x_wconf 90' lang='lat' dir='ltr'><strong>opinione</strong></span> <span class='ocrx_word' id='word_1_134' title='bbox 965 3161 1093 3243; x_wconf 91' lang='lat' dir='ltr'><strong>plebeia</strong></span> <span class='ocrx_word' id='word_1_135' title='bbox 1123 3173 1234 3223; x_wconf 78' lang='lat' dir='ltr'><strong>ventos</strong></span> 
     </span>
     <span class='ocr_line' id='line_1_22' title="bbox 281 3261 1234 3347; baseline -0.002 -22"><span class='ocrx_word' id='word_1_136' title='bbox 281 3263 459 3347; x_wconf 85' lang='lat' dir='ltr'><strong>sequereris</strong></span> <span class='ocrx_word' id='word_1_137' title='bbox 474 3263 507 3324; x_wconf 94' lang='lat' dir='ltr'><strong>in</strong></span> <span class='ocrx_word' id='word_1_138' title='bbox 523 3264 607 3324; x_wconf 84' lang='lat' dir='ltr'><strong>sustu</strong></span> <span class='ocrx_word' id='word_1_139' title='bbox 623 3261 809 3324; x_wconf 86' lang='lat' dir='ltr'><strong>mundano?</strong></span> <span class='ocrx_word' id='word_1_140' title='bbox 847 3264 930 3324; x_wconf 93' lang='lat' dir='ltr'><strong>Nam</strong></span> <span class='ocrx_word' id='word_1_141' title='bbox 947 3262 1017 3324; x_wconf 87' lang='lat' dir='ltr'><strong>baec</strong></span> <span class='ocrx_word' id='word_1_142' title='bbox 1033 3261 1142 3324; x_wconf 90' lang='lat' dir='ltr'><strong>omnia</strong></span> <span class='ocrx_word' id='word_1_143' title='bbox 1156 3283 1234 3324; x_wconf 89' lang='lat' dir='ltr'><strong>con·</strong></span> 
     </span>
     <span class='ocr_line' id='line_1_23' title="bbox 284 3362 1236 3446; baseline -0.001 -21"><span class='ocrx_word' id='word_1_144' title='bbox 284 3362 444 3446; x_wconf 86' lang='lat' dir='ltr'><strong>tempsisti</strong></span> <span class='ocrx_word' id='word_1_145' title='bbox 466 3373 502 3423; x_wconf 90' lang='lat' dir='ltr'><strong>ut</strong></span> <span class='ocrx_word' id='word_1_146' title='bbox 524 3373 674 3437; x_wconf 90' lang='lat' dir='ltr'><strong>stercora,</strong></span> <span class='ocrx_word' id='word_1_147' title='bbox 690 3371 726 3423; x_wconf 89' lang='lat' dir='ltr'><strong>ut</strong></span> <span class='ocrx_word' id='word_1_148' title='bbox 746 3362 847 3423; x_wconf 90' lang='lat' dir='ltr'><strong>solnm</strong></span> <span class='ocrx_word' id='word_1_149' title='bbox 863 3362 1046 3424; x_wconf 81' lang='lat' dir='ltr'><strong>lucrifacias</strong></span> <span class='ocrx_word' id='word_1_150' title='bbox 1061 3363 1236 3438; x_wconf 88' lang='lat' dir='ltr'><strong>Christum,</strong></span> 
     </span>
     <span class='ocr_line' id='line_1_24' title="bbox 284 3462 1236 3546; baseline 0.003 -22"><span class='ocrx_word' id='word_1_151' title='bbox 284 3463 338 3546; x_wconf 92' lang='lat' dir='ltr'><strong>qui</strong></span> <span class='ocrx_word' id='word_1_152' title='bbox 370 3462 430 3524; x_wconf 90' lang='lat' dir='ltr'><strong>tibi</strong></span> <span class='ocrx_word' id='word_1_153' title='bbox 459 3483 524 3524; x_wconf 88' lang='lat' dir='ltr'><strong>non</strong></span> <span class='ocrx_word' id='word_1_154' title='bbox 555 3474 795 3523; x_wconf 89' lang='lat' dir='ltr'><strong>momentaneos</strong></span> <span class='ocrx_word' id='word_1_155' title='bbox 825 3473 857 3523; x_wconf 90' lang='lat' dir='ltr'><strong>et</strong></span> <span class='ocrx_word' id='word_1_156' title='bbox 884 3462 1059 3525; x_wconf 90' lang='lat' dir='ltr'><strong>inhonoros</strong></span> <span class='ocrx_word' id='word_1_157' title='bbox 1089 3464 1236 3540; x_wconf 88' lang='lat' dir='ltr'><strong>honores,</strong></span> 
     </span>
     <span class='ocr_line' id='line_1_25' title="bbox 285 3564 1235 3647; baseline 0.002 -21"><span class='ocrx_word' id='word_1_158' title='bbox 285 3585 365 3647; x_wconf 89' lang='lat' dir='ltr'><strong>quos</strong></span> <span class='ocrx_word' id='word_1_159' title='bbox 402 3564 548 3646; x_wconf 90' lang='lat' dir='ltr'><strong>preciosa</strong></span> <span class='ocrx_word' id='word_1_160' title='bbox 583 3573 770 3644; x_wconf 89' lang='lat' dir='ltr'><strong>paupertate</strong></span> <span class='ocrx_word' id='word_1_161' title='bbox 805 3565 947 3640; x_wconf 87' lang='lat' dir='ltr'><strong>mutasti,</strong></span> <span class='ocrx_word' id='word_1_162' title='bbox 976 3566 1141 3641; x_wconf 90' lang='lat' dir='ltr'><strong>restituet;</strong></span> <span class='ocrx_word' id='word_1_163' title='bbox 1178 3565 1235 3628; x_wconf 88' lang='lat' dir='ltr'><strong>sed</strong></span> 
     </span>
     <span class='ocr_line' id='line_1_26' title="bbox 283 3663 1235 3749; baseline 0.001 -21"><span class='ocrx_word' id='word_1_164' title='bbox 283 3677 418 3728; x_wconf 83' lang='lat' dir='ltr'><strong>aetemos</strong></span> <span class='ocrx_word' id='word_1_165' title='bbox 438 3666 470 3726; x_wconf 90' lang='lat' dir='ltr'><strong>in</strong></span> <span class='ocrx_word' id='word_1_166' title='bbox 493 3664 596 3736; x_wconf 85' lang='lat' dir='ltr'><strong>coelis,</strong></span> <span class='ocrx_word' id='word_1_167' title='bbox 613 3663 669 3745; x_wconf 93' lang='lat' dir='ltr'><strong>qui</strong></span> <span class='ocrx_word' id='word_1_168' title='bbox 692 3663 918 3745; x_wconf 87' lang='lat' dir='ltr'><strong>imperatorum</strong></span> <span class='ocrx_word' id='word_1_169' title='bbox 934 3687 1105 3749; x_wconf 86' lang='lat' dir='ltr'><strong>purpuram</strong></span> <span class='ocrx_word' id='word_1_170' title='bbox 1122 3666 1235 3748; x_wconf 86' lang='lat' dir='ltr'><strong>majes-</strong></span> 
     </span>
     <span class='ocr_line' id='line_1_27' title="bbox 284 3765 1236 3850; baseline -0.001 -21"><span class='ocrx_word' id='word_1_171' title='bbox 284 3778 346 3829; x_wconf 85' lang='lat' dir='ltr'><strong>tate</strong></span> <span class='ocrx_word' id='word_1_172' title='bbox 361 3765 607 3847; x_wconf 85' lang='lat' dir='ltr'><strong>incomparabili</strong></span> <span class='ocrx_word' id='word_1_173' title='bbox 624 3765 825 3827; x_wconf 87' lang='lat' dir='ltr'><strong>antecedant.</strong></span> <span class='ocrx_word' id='word_1_174' title='bbox 872 3765 955 3829; x_wconf 91' lang='lat' dir='ltr'><strong>Illuc</strong></span> <span class='ocrx_word' id='word_1_175' title='bbox 967 3769 1115 3850; x_wconf 87' lang='lat' dir='ltr'><strong>voluptas</strong></span> <span class='ocrx_word' id='word_1_176' title='bbox 1130 3767 1236 3829; x_wconf 85' lang='lat' dir='ltr'><strong>mollis</strong></span> 
     </span>
     <span class='ocr_line' id='line_1_28' title="bbox 285 3865 1236 3944; baseline 0.001 -15"><span class='ocrx_word' id='word_1_177' title='bbox 285 3880 316 3929; x_wconf 88' lang='lat' dir='ltr'><strong>et</strong></span> <span class='ocrx_word' id='word_1_178' title='bbox 331 3868 526 3930; x_wconf 74' lang='lat' dir='ltr'><strong>effeminata</strong></span> <span class='ocrx_word' id='word_1_179' title='bbox 546 3887 612 3927; x_wconf 89' lang='lat' dir='ltr'><strong>non</strong></span> <span class='ocrx_word' id='word_1_180' title='bbox 634 3865 769 3927; x_wconf 88' lang='lat' dir='ltr'><strong>habebit</strong></span> <span class='ocrx_word' id='word_1_181' title='bbox 789 3886 966 3944; x_wconf 90' lang='lat' dir='ltr'><strong>accessum,</strong></span> <span class='ocrx_word' id='word_1_182' title='bbox 982 3868 1038 3930; x_wconf 91' lang='lat' dir='ltr'><strong>ubi</strong></span> <span class='ocrx_word' id='word_1_183' title='bbox 1061 3888 1187 3930; x_wconf 89' lang='lat' dir='ltr'><strong>carnem</strong></span> <span class='ocrx_word' id='word_1_184' title='bbox 1201 3868 1236 3930; x_wconf 91' lang='lat' dir='ltr'><strong>in</strong></span> 
     </span>
     <span class='ocr_line' id='line_1_29' title="bbox 285 3967 1238 4051; baseline 0.005 -25"><span class='ocrx_word' id='word_1_185' title='bbox 285 3968 414 4030; x_wconf 83' lang='lat' dir='ltr'><strong>veritate</strong></span> <span class='ocrx_word' id='word_1_186' title='bbox 452 3977 573 4028; x_wconf 84' lang='lat' dir='ltr'><strong>natnrae</strong></span> <span class='ocrx_word' id='word_1_187' title='bbox 604 3977 841 4047; x_wconf 87' lang='lat' dir='ltr'><strong>permanentem</strong></span> <span class='ocrx_word' id='word_1_188' title='bbox 881 3967 1053 4048; x_wconf 88' lang='lat' dir='ltr'><strong>spiritualis</strong></span> <span class='ocrx_word' id='word_1_189' title='bbox 1089 3968 1238 4051; x_wconf 89' lang='lat' dir='ltr'><strong>implebit</strong></span> 
     </span>
     <span class='ocr_line' id='line_1_30' title="bbox 284 4066 1237 4150; baseline 0.001 -19"><span class='ocrx_word' id='word_1_190' title='bbox 284 4069 383 4150; x_wconf 78' lang='lat' dir='ltr'><strong>rigor,</strong></span> <span class='ocrx_word' id='word_1_191' title='bbox 398 4078 431 4130; x_wconf 90' lang='lat' dir='ltr'><strong>et</strong></span> <span class='ocrx_word' id='word_1_192' title='bbox 452 4066 608 4129; x_wconf 88' lang='lat' dir='ltr'><strong>exultatio</strong></span> <span class='ocrx_word' id='word_1_193' title='bbox 629 4066 774 4147; x_wconf 89' lang='lat' dir='ltr'><strong>angelica</strong></span> <span class='ocrx_word' id='word_1_194' title='bbox 795 4067 1016 4149; x_wconf 88' lang='lat' dir='ltr'><strong>permulcebit.</strong></span> <span class='ocrx_word' id='word_1_195' title='bbox 1061 4070 1113 4131; x_wconf 94' lang='lat' dir='ltr'><strong>Ibi</strong></span> <span class='ocrx_word' id='word_1_196' title='bbox 1132 4070 1237 4132; x_wconf 89' lang='lat' dir='ltr'><strong>laudis</strong></span> 
     </span>
     <span class='ocr_line' id='line_1_31' title="bbox 285 4166 1238 4253; baseline 0.001 -22"><span class='ocrx_word' id='word_1_197' title='bbox 285 4181 347 4232; x_wconf 79' lang='lat' dir='ltr'><strong>ture</strong></span> <span class='ocrx_word' id='word_1_198' title='bbox 359 4168 607 4253; x_wconf 84' lang='lat' dir='ltr'><strong>praecenia,non</strong></span> <span class='ocrx_word' id='word_1_199' title='bbox 623 4166 662 4229; x_wconf 92' lang='lat' dir='ltr'><strong>de</strong></span> <span class='ocrx_word' id='word_1_200' title='bbox 678 4166 893 4229; x_wconf 83' lang='lat' dir='ltr'><strong>falsidicorum</strong></span> <span class='ocrx_word' id='word_1_201' title='bbox 903 4167 1090 4251; x_wconf 92' lang='lat' dir='ltr'><strong>pendebunt</strong></span> <span class='ocrx_word' id='word_1_202' title='bbox 1099 4171 1238 4246; x_wconf 87' lang='lat' dir='ltr'><strong>arbitrio,</strong></span> 
     </span>
     <span class='ocr_line' id='line_1_32' title="bbox 286 4269 1235 4351; baseline -0.004 -18"><span class='ocrx_word' id='word_1_203' title='bbox 286 4270 342 4333; x_wconf 83' lang='lat' dir='ltr'><strong>sed</strong></span> <span class='ocrx_word' id='word_1_204' title='bbox 367 4269 637 4351; x_wconf 84' lang='lat' dir='ltr'><strong>magnificentiam</strong></span> <span class='ocrx_word' id='word_1_205' title='bbox 665 4269 813 4330; x_wconf 80' lang='lat' dir='ltr'><strong>virtutum</strong></span> <span class='ocrx_word' id='word_1_206' title='bbox 846 4281 968 4332; x_wconf 89' lang='lat' dir='ltr'><strong>tuarum</strong></span> <span class='ocrx_word' id='word_1_207' title='bbox 999 4272 1100 4334; x_wconf 87' lang='lat' dir='ltr'><strong>sancti</strong></span> <span class='ocrx_word' id='word_1_208' title='bbox 1130 4271 1235 4348; x_wconf 81' lang='lat' dir='ltr'><strong>angeli</strong></span> 
     </span>
     <span class='ocr_line' id='line_1_33' title="bbox 288 4366 765 4450; baseline -0.006 -19"><span class='ocrx_word' id='word_1_209' title='bbox 288 4370 520 4433; x_wconf 87' lang='lat' dir='ltr'><strong>incessabiliter</strong></span> <span class='ocrx_word' id='word_1_210' title='bbox 534 4366 765 4450; x_wconf 80' lang='lat' dir='ltr'><strong>praedicabunt.</strong></span> 
     </span>
    </p>
   </div>
   <div class='ocr_carea' id='block_1_6' title="bbox 0 0 1533 5500">
    <p class='ocr_par' dir='ltr' id='par_1_6' title="bbox 0 0 1533 5500">
     <span class='ocr_line' id='line_1_34' title="bbox 0 0 1533 5500; baseline 0 0"><span class='ocrx_word' id='word_1_211' title='bbox 0 0 1533 5500; x_wconf 95' lang='lat' dir='ltr'><strong> </strong></span> 
     </span>
    </p>
   </div>
  </div>
 </body>
</html>
