3034 5500
390 737 432 794 46
648 746 785 790 ιοιιιιιιι
801 744 1083 790 sunnennnrnnsrs
1255 727 1302 806 [r.
1318 745 1349 788 o.

392 921 487 975 mere,
503 908 534 961 et
551 909 668 975 tenere,
683 896 737 959 sed
754 919 811 959 nec
826 895 963 981 aliquem
980 895 1131 982 recipere,
1144 896 1205 960 uisi
1220 894 1349 959 consilio

392 1011 510 1073 vestro,
523 995 601 1060 dum
614 1018 664 1060 res
675 994 707 1060 iu
720 996 862 1081 pendulo
873 1009 932 1075 est,
944 996 975 1060 in
991 1017 1090 1081 regno
1102 1009 1211 1061 vestro
1225 994 1346 1060 licitum

391 1122 458 1164 esse
479 1096 655 1163 credimus:
688 1122 746 1163 uec
768 1098 897 1184 expedit
913 1097 1023 1185 aliquo
1045 1097 1141 1163 modo
1158 1111 1195 1162 ut
1217 1097 1348 1163 ecclesie

391 1199 567 1287 Anglorum
594 1199 748 1266 Romauae
770 1201 910 1266 ecclesiae
933 1199 1095 1265 scindatur
1116 1200 1279 1288 exemplo,
1301 1200 1348 1264 nel

391 1326 489 1388 reguo
515 1316 547 1368 et
576 1302 753 1367 sacerdotio
778 1315 909 1388 praestet
934 1301 1100 1367 materiam
1125 1302 1347 1367 contendendi.

392 1406 498 1484 Quum
511 1426 588 1490 ergo
602 1405 822 1491 episcoporum
840 1403 983 1490 quidam,
994 1418 1026 1467 et
1041 1403 1198 1471 abbatum
1212 1406 1346 1469 Romam

391 1519 464 1569 eant
480 1519 537 1568 aut
557 1504 697 1584 mittant,
711 1502 793 1590 quid
809 1503 960 1567 faciemus
983 1526 1051 1581 nos,
1068 1503 1123 1589 qui
1138 1524 1208 1588 proe
1228 1503 1348 1569 coeteris

392 1608 567 1696 pendemus
592 1629 612 1670 n
637 1605 768 1670 consilio
794 1618 912 1681 vestro,
938 1620 969 1670 et
998 1628 1106 1671 sumus
1133 1629 1201 1692 prm
1227 1608 1348 1673 cerem

394 1712 548 1776 nomanae
560 1708 698 1774 ecclesiae
707 1707 861 1792 obligati?
885 1707 1046 1793 Quicquid
1060 1708 1143 1773 enim
1154 1709 1210 1774 elii
1219 1710 1347 1785 inciam,

392 1837 450 1878 nos
475 1835 543 1876 eam
569 1835 608 1877 ex
636 1811 832 1897 professione
859 1823 967 1874 nostra
994 1811 1124 1875 statutis
1150 1811 1347 1898 temporibus

392 1916 537 1999 cogimur
560 1913 696 1976 visitare.
742 1912 816 1976 Erit
838 1926 945 1976 autem
967 1911 1056 1975 nobis
1078 1912 1306 1999 periculosum,
1324 1915 1346 1978 si

393 2016 480 2103 npud
497 2038 581 2088 eum,
597 2015 654 2099 qui
678 2013 822 2077 victurus
842 2027 902 2089 est,
918 2036 1013 2099 quem
1032 2014 1174 2078 nondum
1192 2017 1346 2091 novimus,

393 2118 446 2182 alii
462 2117 519 2203 qui
532 2117 636 2179 minus
649 2114 777 2178 honoris
787 2114 829 2177 ab
840 2114 971 2178 ecclesie
986 2112 1132 2179 Romanu
1147 2131 1347 2204 acceperunt,

394 2219 593 2283 devotionem
628 2228 767 2279 nostram
802 2216 1023 2303 praevenerint.
1078 2217 1210 2283 Dicitur
1243 2233 1346 2285 nutem

394 2320 480 2409 quod
507 2320 654 2406 majestas
681 2333 786 2382 vestra
813 2317 1005 2405 quibusdam
1033 2318 1122 2384 dedit
1149 2318 1227 2384 illuc
1253 2322 1347 2384 eundi

393 2422 563 2497 licentiam,
586 2434 617 2485 et
646 2419 831 2484 nominatim
859 2419 908 2483 his
929 2420 986 2503 qui
1011 2418 1160 2485 loetautur
1185 2420 1227 2484 de
1250 2437 1348 2487 morte

397 2522 544 2600 Adriani,
560 2522 627 2607 qui,
643 2522 723 2585 sicut
740 2531 841 2585 mater
862 2519 989 2584 unicum
1006 2533 1090 2584 amet
1106 2519 1222 2601 filium,
1236 2522 1283 2588 ite
1296 2543 1349 2586 rot

394 2623 566 2709 diligebat:
594 2636 628 2686 et
644 2634 718 2685 sunt
739 2618 884 2684 nonnulli
908 2642 1030 2701 eorum,
1044 2620 1128 2684 sicut
1148 2621 1273 2688 celebre
1291 2638 1348 2700 est,

396 2726 428 2791 in
442 2722 564 2789 insidiis
579 2745 722 2811 personne
736 2734 793 2787 aut
809 2719 949 2785 ecclesiae
965 2737 1089 2786 nostrae.
1126 2723 1350 2811 supplicemus

394 2828 504 2916 iteque
526 2825 688 2892 dulcedini
711 2838 838 2901 vesun,
854 2837 889 2889 ut
906 2824 939 2890 iu
963 2823 1022 2888 hnc
1044 2839 1136 2911 parte
1155 2828 1350 2913 providentie

394 2929 494 3004 aeuti,
517 2926 693 2991 infirmitati
716 2938 845 3003 uostroe‚
860 2938 893 2989 et
914 2926 1002 3010 quod
1026 2926 1126 3011 magis
1147 2940 1299 3013 optamus
1319 2944 1350 2994 et

394 3052 532 3104 oremus,
555 3028 667 3114 gloriae
694 3043 818 3092 vestrae.
865 3031 896 3091 A
922 3028 1018 3092 modo
1039 3029 1123 3093 enim
1146 3030 1215 3114 jam
1240 3032 1349 3097 breves

394 3144 488 3195 eruut
504 3130 572 3194 dies
586 3129 700 3204 nostri,
716 3152 773 3193 nec
789 3152 847 3216 pro
868 3132 913 3193 eis
927 3130 1065 3195 multum
1089 3131 1296 3198 sollicitamur
1309 3134 1349 3199 ed

394 3252 543 3319 praesens,
555 3229 609 3292 sed
626 3251 685 3314 pro
696 3227 829 3295 ecclesia
844 3232 1078 3309 Ceutuariensi,
1090 3256 1186 3319 quem
1203 3235 1351 3322 parriuti

395 3354 474 3398 meoe
502 3341 534 3393 et
565 3327 721 3414 majestati
746 3343 861 3395 vestroe
883 3333 1041 3397 commisit
1066 3336 1163 3401 Deus.
1210 3339 1280 3402 Nec
1304 3349 1351 3402 ert

395 3430 483 3521 quod
510 3442 645 3495 vestram
672 3429 774 3515 magis
799 3432 909 3497 decent
935 3432 1166 3513 excellentiam,
1191 3459 1289 3525 quem
1314 3450 1349 3502 ut

395 3557 464 3599 enm
481 3530 611 3596 servetis
632 3528 822 3594 indemnem.
868 3531 946 3618 lpse
967 3546 1015 3597 est
1037 3534 1120 3598 enim
1140 3551 1239 3623 caput
1262 3539 1351 3623 regni

396 3636 504 3712 vestri,
520 3647 553 3698 et
567 3632 658 3696 vobis
678 3646 710 3696 et
727 3632 786 3696 toti
807 3654 919 3718 regno,
933 3634 1007 3699 lidei
1030 3658 1144 3722 parens
1163 3637 1196 3701 iu
1214 3639 1351 3705 Christo.

396 3736 560 3824 Quicquid
580 3747 687 3799 eutem
702 3734 731 3798 ei
752 3734 931 3800 detractum
951 3736 1059 3814 fuerit,
1083 3752 1225 3805 vestrum
1245 3740 1351 3806 detur·

395 3841 484 3929 pabit
500 3840 663 3919 honorem,
675 3859 712 3899 eo
727 3835 814 3921 quod
833 3837 933 3901 honor
943 3836 1057 3925 cepitis
1072 3862 1166 3926 aeque
1177 3861 1351 3929 numquam

395 3955 511 4008 cetera
525 3939 667 4003 membra
681 3938 815 4002 decebit.
852 3938 1007 4004 lucentus
1021 3954 1069 4005 est
1084 3940 1167 4005 enim
1184 3942 1239 4027 qui
1254 3955 1350 4030 capnt

394 4042 528 4130 exponit
550 4039 709 4126 periculis,
733 4056 769 4104 ut
792 4040 962 4126 ignobilem
992 4042 1041 4105 sui
1065 4040 1197 4107 honoret
1218 4056 1350 4129 partem.

396 4148 503 4231 Super
527 4141 577 4206 his
602 4155 809 4226 expectemus
834 4155 866 4206 et
891 4142 1108 4208 desideremus
1131 4144 1295 4212 consilium
1318 4157 1350 4207 et

396 4245 552 4314 auxilium
567 4257 720 4309 vestrum.
749 4244 864 4310 Valent
880 4244 910 4308 iu
924 4269 1026 4311 aevum
1044 4244 1226 4312 sublimitas
1237 4260 1350 4312 vestre.

396 4354 497 4419 lator
512 4346 715 4435 presentium
731 4370 797 4411 rem
814 4345 940 4431 plenius
954 4361 1103 4435 exponet.
