3034 5500
161 760 268 841 llum]
547 778 724 825 amaruan.
1050 773 1112 831 98³

155 931 334 1013 negotium,
349 931 481 1014 plenam
496 932 638 996 continet
652 933 847 1016 aqualem,
858 933 920 997 nisi
934 934 1016 999 forte
1031 948 1112 999 tem·

153 1053 230 1115 pora
253 1032 346 1115 pacis
361 1043 598 1096 antecessorum
614 1045 787 1096 vestrorum
811 1055 830 1098 a
852 1045 940 1118 parte
962 1036 1112 1102 alterutra

154 1132 358 1199 cousuetudo
388 1149 539 1217 usurpata
568 1135 611 1197 sit
636 1145 748 1199 contra
770 1136 955 1200 Dominum.
1010 1139 1111 1203 Nullo

152 1238 238 1300 enim
254 1257 399 1320 unquam
421 1246 525 1300 tractu
541 1237 692 1320 temporis
707 1247 763 1301 aut
784 1239 904 1320 placito
919 1240 1110 1304 contrahen-

152 1338 231 1400 tium
246 1337 438 1414 continebit,
451 1340 486 1398 ut
501 1335 588 1420 quod
600 1348 712 1401 contra
727 1336 793 1401 Dei
804 1339 956 1403 mandata
972 1341 1110 1405 scienter

153 1435 369 1522 praesumitur,
390 1438 533 1516 licenter,
555 1438 673 1502 nedum
694 1438 783 1522 juste
805 1439 871 1517 fiat,
891 1441 956 1502 imo
979 1452 1015 1504 ut
1043 1462 1108 1505 nou

151 1535 361 1602 criminaliter
376 1537 602 1601 committatur.
704 1578 709 1590 ·

195 1640 358 1705 Caeterum
380 1638 460 1703 mihi
483 1651 634 1722 suspecta
655 1652 740 1717 sunt,
762 1655 795 1703 at
815 1638 988 1703 infidelitas
1009 1661 1106 1724 quarn

149 1741 249 1806 audio
264 1742 369 1823 gantis
380 1749 505 1820 restrae,
515 1751 549 1804 et
563 1742 712 1805 terribilis
726 1763 764 1805 ac
777 1742 941 1804 maliciosa
956 1743 1107 1824 potentia,

149 1863 248 1928 qaam
263 1843 357 1928 multi
371 1842 590 1926 experiuntur,
603 1844 703 1927 partis
717 1843 869 1920 adversa,
881 1853 917 1907 ut
930 1864 995 1905 non
1011 1843 1105 1908 facile

149 1943 281 2010 credam
302 1945 393 2028 quod
408 1945 563 2008 voluntati
578 1943 648 2028 ejus
670 1945 841 2029 quisquam
864 1944 990 2027 audeat¹
1002 1946 1104 2010 roluc-

149 2047 221 2119 tari,
238 2056 272 2109 et
289 2046 421 2110 sortasse
444 2067 518 2109 cum
541 2046 766 2111 archidiacono
782 2061 895 2125 restro,
910 2045 1004 2131 cujus
1019 2069 1105 2112 rere·

147 2149 245 2212 batur
258 2146 459 2224 iudustriam,
474 2158 507 2211 et
521 2148 767 2211 familiaritatem
782 2148 852 2232 ejus
868 2148 909 2212 ad
925 2169 981 2211 voe
1003 2148 1102 2213 habe·

147 2251 205 2313 bat
228 2266 422 2331 suspectam,
442 2250 588 2313 exercuit
608 2249 806 2326 inimicitiae,
826 2260 862 2313 ut
883 2271 982 2334 quum
1004 2251 1033 2313 ei
1055 2271 1102 2315 re·

146 2351 339 2414 conciliatus
353 2349 458 2429 suerit,
472 2351 513 2415 do
537 2363 652 2415 caetero
676 2364 787 2415 contra
801 2374 876 2414 eum
894 2353 1010 2416 mutire
1034 2372 1101 2416 non

146 2451 282 2516 audeat:
305 2451 364 2515 sed
378 2472 439 2514 nec
455 2453 521 2529 alii,
534 2474 617 2536 quos
632 2453 727 2536 hujus
742 2455 891 2536 exemplo
906 2454 1028 2531 terruit,
1042 2452 1100 2517 sed

143 2554 248 2634 magis
271 2560 392 2630 nostro,
407 2554 547 2616 maxime
562 2565 680 2631 autem,
695 2555 771 2638 quia
795 2575 829 2616 se
845 2557 941 2618 talem
964 2553 1100 2618 exbibet

143 2668 180 2718 ut
207 2654 308 2718 rideri
338 2656 412 2718 velit
439 2656 510 2718 sine
542 2657 652 2719 timore
685 2657 829 2731 Domini,
860 2669 893 2718 et
924 2657 1099 2722 reverentia

141 2757 317 2820 bominum
367 2753 487 2820 Potens
509 2770 559 2820 est
584 2769 691 2821 autem
717 2757 810 2820 Deus
835 2757 966 2839 erigere,
991 2769 1024 2820 et
1048 2757 1097 2820 di·

141 2860 242 2941 rigere
257 2880 387 2923 sarisam
403 2870 547 2936 vestram,
563 2860 628 2922 imo
650 2881 740 2923 suam
755 2861 789 2921 in
812 2859 961 2922 manibus
976 2855 1096 2923 vostris.

140 2963 186 3026 Et
202 2962 260 3047 qui
284 2962 394 3026 Israeli
416 2983 460 3025 ex
482 2962 633 3027 mandato
657 2963 792 3025 Domini
814 2960 856 3024 ad
876 2961 1096 3044 promissionis

140 3061 275 3147 patriam
296 3062 459 3127 festinanti
483 3065 620 3146 gratiam
636 3064 773 3127 contulit
794 3063 1008 3135 inimicorum,
1025 3083 1095 3132 ree-

140 3177 206 3229 tros
216 3185 348 3249 quoque
363 3162 537 3249 AEgyptios
551 3166 670 3248 poterit
680 3176 736 3229 aut
750 3167 888 3250 placare,
898 3176 954 3229 aut
964 3166 1096 3233 omnino

139 3267 334 3330 subvertere.
391 3267 501 3329 Unum
531 3267 612 3343 scio,
643 3266 730 3350 quod
755 3268 864 3351 justus
893 3264 1022 3329 tandem
1051 3268 1093 3333 de
1173 3258 1177 3266 ’

138 3369 288 3451 angustia
299 3368 497 3442 liberabitur,
510 3382 543 3432 et
556 3369 700 3433 tradetur
713 3369 833 3451 impius
846 3389 905 3450 pro
917 3389 968 3431 eo.
1006 3369 1094 3436 Gan·

139 3469 200 3533 deo
226 3482 334 3534 autem
363 3492 478 3554 pacem
509 3484 541 3535 et
571 3472 706 3551 gratiam
737 3472 807 3555 ejus
833 3471 924 3534 robis
952 3473 1092 3555 plenaria

138 3572 326 3636 restitutam
372 3570 435 3637 Sed
453 3574 561 3651 timeo,
576 3572 664 3657 quod
679 3572 775 3653 absit,
786 3595 827 3636 ne
842 3593 929 3637 more
943 3572 1092 3650 hominis,

138 3675 289 3737 omnibus
315 3688 402 3751 noto,
427 3676 626 3739 simulatoria
651 3688 683 3738 et
707 3684 930 3738 momentanea
956 3675 1090 3740 eithara

138 3776 229 3858 pacis
254 3788 288 3840 et
317 3777 425 3859 gratita
453 3777 630 3840 restitutio:
669 3799 707 3839 oo
736 3776 866 3860 quidem
896 3776 997 3858 magis
1026 3798 1090 3861 quo

137 3876 264 3940 celebre
278 3889 328 3941 est
343 3876 429 3961 apud
452 3900 563 3942 omnes
584 3878 770 3942 incumbere
792 3877 928 3941 consilio
951 3878 1089 3943 locusta·

135 3998 217 4053 rum,
229 3999 364 4061 quarum
376 3990 520 4062 potestas
531 3978 689 4043 duntaxat
699 3980 732 4042 in
743 3979 864 4060 linguis
875 3990 925 4042 est
934 3990 968 4042 et
978 3979 1090 4044 candia

135 4099 253 4143 aarum.
298 4078 393 4152 Quod
409 4080 435 4143 si
453 4090 679 4144 momentanea
693 4080 797 4158 liserit,
811 4090 934 4143 certum
948 4093 997 4144 est
1018 4102 1089 4145 eam

135 4183 230 4247 fuisse
256 4183 448 4262 simulatam,
469 4204 511 4246 ex
535 4205 574 4247 ea
594 4183 758 4267 praecipue
785 4205 892 4260 causa,
913 4197 948 4245 ut
970 4186 1019 4248 vel
1042 4185 1089 4247 sic

134 4295 340 4369 extorqueret
370 4284 595 4365 obligationem
626 4283 800 4361 fidelitatis,
829 4298 862 4347 at
892 4284 956 4346 uisi
987 4285 1089 4359 fallor,

132 4387 254 4471 aliquid
278 4389 311 4452 in
336 4410 406 4452 eam
430 4390 536 4451 reniae
559 4389 720 4472 opinatur,
735 4386 776 4449 ad
800 4384 886 4469 quod
909 4387 989 4448 ratio
1011 4384 1087 4446 fidei
