3034 5500
277 754 340 813 284
532 763 669 808 maurus
686 757 966 805 sannsnuareusrs
1139 739 1179 812 [a.
1194 759 1220 801 u.

278 1038 499 1106 EPISTOLA
533 1035 804 1099 CLXXVl.—an
829 1050 977 1095 reomau
1006 1049 1225 1094 cauroaaras-

575 1155 653 1198 ssu.
702 1135 747 1213 [A.
766 1153 796 1196 n.
817 1132 927 1211 11660]

435 1274 576 1335 Domino
593 1270 839 1341 cantuariensi,
852 1268 950 1329 Joan.
968 1267 1079 1328 Seres.

319 1409 402 1470 Ers1
425 1415 547 1468 certum
569 1403 610 1464 sit
632 1400 718 1485 quod
742 1399 889 1482 episcopi
910 1399 954 1460 ad
975 1399 1223 1462 inobedientiam

277 1508 380 1592 proni,
388 1516 422 1569 et
436 1514 579 1587 pastores
592 1512 764 1584 pascentes
778 1501 912 1581 seipsos,
922 1500 979 1582 qui
993 1521 1104 1562 amore
1116 1501 1225 1583 quietis

281 1620 313 1672 et
326 1610 433 1680 luxus,
449 1616 481 1667 et
495 1603 717 1686 temporalium
734 1611 821 1663 metu
843 1600 1033 1662 damnorum
1055 1601 1154 1684 impio
1174 1602 1228 1663 im·

282 1708 435 1791 pietatem
451 1725 540 1767 suam
556 1702 745 1765 annuntiare
762 1698 954 1778 detractant,
964 1700 1006 1762 ad
1023 1722 1151 1766 ornnem
1163 1703 1232 1763 sub·

284 1810 460 1872 versionem
481 1805 575 1889 juris,
597 1812 629 1866 et
654 1804 781 1884 singula
802 1799 994 1884 praejudicia
1017 1803 1232 1876 ecclesiarum,

284 1908 431 1972 dicentes
446 1909 551 1987 Euge,
566 1903 680 1986 Euge!
705 1926 739 1966 se
755 1904 796 1965 de
816 1916 930 1966 caetero
954 1902 1111 1966 adversus
1133 1905 1235 1966 omnia

284 2009 435 2072 mandata
448 2018 563 2084 vestra,
578 2016 612 2070 et
626 2007 721 2068 etiam
738 2004 932 2086 apostolicas
950 2005 1148 2082 sanctiones,
1163 2025 1233 2088 qua·

283 2118 379 2169 tenus
394 2107 440 2167 eis
455 2104 665 2188 displicuerit,
681 2105 741 2165 sub
763 2114 919 2186 praetextu
935 2105 1162 2186 appellationis
1183 2127 1235 2167 ex·

285 2208 394 2269 hibitae
406 2206 485 2268 tueri
500 2218 693 2288 proponant,
705 2204 862 2286 expedire
875 2216 982 2268 tamen
995 2207 1143 2283 arbitror,
1154 2218 1188 2269 nt
1198 2206 1236 2268 de

285 2306 396 2368 vestris
411 2305 618 2385 suffraganeis
634 2305 741 2367 statim
758 2307 784 2367 si
803 2305 871 2367 fieri
887 2316 1005 2387 potest,
1021 2307 1148 2390 aliquos
1169 2329 1236 2369 evo-

286 2407 374 2484 cetis,
388 2407 437 2468 rel
453 2404 617 2468 audituros
635 2404 757 2467 domini
780 2427 874 2489 papae
894 2406 1095 2480 mandatnm,
1111 2421 1165 2471 aut
1188 2429 1236 2467 ro·

286 2509 410 2572 hiscum
435 2507 476 2570 de
499 2518 583 2570 statu
604 2507 847 2571 Cantuariensis
869 2509 1017 2572 ecclesiae
1041 2521 1237 2582 tractaturos,

288 2622 342 2675 aut
367 2610 430 2673 alia
451 2608 650 2672 evocationis
674 2631 784 2672 eorum
808 2631 906 2673 causa
928 2611 1105 2692 proposita,
1132 2612 1239 2695 siqua

288 2711 381 2778 vobis
396 2712 493 2776 ethis
508 2713 564 2795 qui
577 2712 740 2775 vobiscum
754 2724 840 2790 sunt,
852 2713 1026 2777 occurrerit
1035 2713 1239 2777 commodior.

289 2814 1106 2898 Quumenimjamappellareriut,quodsortassejam
1114 2816 1240 2879 domino

289 2938 383 2999 papae
399 2916 614 2997 significatum
629 2927 688 2991 est,
703 2915 785 2977 etin
800 2917 950 2978 omnibus
965 2916 1032 2997 regi
1048 2938 1108 2980 suo
1123 2919 1240 2980 obtem·

288 3029 413 3099 perant,
427 3037 493 3078 non
508 3015 602 3078 video
614 3016 655 3078 de
670 3026 787 3079 caetero
803 3038 901 3100 quare
918 3018 1117 3100 colloquium
1135 3040 1240 3081 eorum

290 3130 436 3201 oporteat
458 3118 580 3195 evitari,
595 3116 653 3180 sed
668 3139 773 3201 neque
794 3119 888 3197 regis.
934 3118 1041 3182 Credo
1057 3121 1144 3182 enirn
1160 3119 1241 3204 qnod

289 3232 375 3281 metu
390 3220 509 3281 laboris
525 3241 618 3302 quem
641 3220 775 3281 subituri
798 3230 883 3296 sunt,
897 3232 931 3283 et
952 3234 1140 3305 sumptuum
1164 3242 1242 3305 quos

290 3321 1242 3404 verentur‚etobimminentiumpericulornminstantiam,et

290 3418 423 3482 dubium
444 3442 549 3483 causae
571 3434 731 3496 eventum,
746 3424 821 3504 paci
836 3423 994 3499 ecclesiae,
1010 3434 1043 3485 et
1057 3425 1241 3487 reconcilia·

290 3520 367 3582 tioni
383 3531 494 3582 vestra
513 3521 747 3602 diligentiorem
769 3544 896 3605 operam
921 3524 1065 3599 dabunt3
1088 3526 1166 3608 quia
1183 3546 1240 3587 nec

286 3644 384 3685 unum
406 3644 514 3686 eorum
537 3625 652 3706 opinor
672 3625 824 3700 inveniri,
839 3647 934 3709 quem
957 3638 1005 3689 tot
1026 3638 1060 3689 et
1082 3638 1237 3689 tantarum

289 3725 589 3788 incommoditatum
612 3724 780 3808 dispendia
801 3727 906 3789 subire
926 3747 992 3788 non
1013 3728 1133 3808 pigeat.
1157 3726 1243 3790 Etsi

291 3827 560 3890 transfretaverint
587 3828 719 3890 sortasse
750 3826 913 3890 mediante
942 3828 1147 3910 imperatrice
1179 3850 1241 3911 pax

291 3928 437 3990 ecclesiae
468 3928 696 4004 reformabitur,
720 3941 777 3991 aut
806 3927 948 3991 Domino
977 3930 1118 4012 propitio
1148 3950 1244 3993 causa

291 4036 394 4089 vestra
402 4029 435 4088 in
447 4030 568 4091 meliori
580 4030 704 4092 calculo
719 4030 923 4114 relinquetur.
955 4031 1060 4093 Instat
1069 4031 1156 4093 enim
1166 4043 1240 4093 tem·

294 4149 364 4209 pus,
382 4139 416 4190 ut
431 4130 530 4205 aiunt,
547 4153 610 4213 quo
627 4132 745 4213 Aquila
761 4132 845 4213 rupti
856 4131 998 4207 foederis,
1005 4130 1104 4214 juxta
1114 4131 1244 4195 Merlini

292 4228 488 4307 vaticinium,
512 4231 643 4293 sraenum
666 4231 855 4295 deauratura
881 4246 940 4308 est,
962 4230 1049 4315 quod
1071 4254 1151 4314 apro
1173 4232 1239 4314 ejus

294 4330 397 4409 datur,
416 4344 470 4395 aut
488 4332 583 4395 modo
607 4334 779 4397 fabricatur
799 4335 832 4395 iu
855 4336 926 4397 sinu
949 4335 1123 4397 Armorico.
1164 4333 1244 4396 Nam
