3034 5500
287 741 484 822 trra-oc]
672 757 852 803 sermons.
1177 747 1232 808 141

285 934 355 975 vero
376 910 522 975 maxime
546 931 628 972 verae
651 907 798 972 amicitiae
820 908 913 973 fidem
938 931 1117 995 agnoscam,
1139 914 1165 977 si
1188 936 1238 977 me

286 1013 327 1076 sic
347 1011 428 1076 milri
445 1010 661 1086 reddideritis,
683 1023 719 1074 ut
736 1009 824 1075 viciis
845 1033 905 1074 non
923 1027 1083 1096 parcatur,
1098 1028 1130 1080 et
1147 1027 1182 1080 ut
1198 1015 1240 1079 de

284 1128 400 1180 caetero
427 1126 582 1178 necentur
605 1111 731 1176 cautius
755 1114 905 1178 statuatis
930 1138 968 1179 ea
992 1131 1102 1181 contra
1126 1118 1238 1182 faciem

284 1239 398 1293 meam,
419 1240 460 1280 ne
483 1216 516 1278 in
538 1238 575 1277 eo
595 1212 735 1279 deterius
756 1237 879 1301 semper
897 1215 966 1280 aliis
990 1216 1185 1305 displiceam,
1205 1219 1237 1282 in

282 1340 345 1403 quo
360 1318 441 1382 mibi
457 1340 588 1403 quoque
604 1339 665 1381 non
681 1338 801 1381 novero
816 1316 991 1404 displicere.

302 1557 528 1621 EPISTOLA
550 1556 741 1620 XCV.-au
755 1576 944 1620 rost-ramum
961 1575 1062 1619 serso.
1079 1576 1212 1622 saansa.

470 1689 633 1754 Joaaelino
646 1692 790 1772 episcopo
805 1690 1052 1753 Soreaberr'ensi.

327 1818 487 1882 Faernus
521 1815 710 1902 Hospitalis,
741 1837 825 1878 novo
857 1814 997 1901 quodam
1028 1830 1060 1880 et
1094 1815 1238 1882 inaudito

284 1919 497 1984 humanitatis
520 1917 626 1995 titulo,
649 1931 684 1983 ut
707 1918 849 2003 privatas
872 1916 990 1982 faciant
1013 1916 1236 2003 eleemosynas,

284 2020 459 2087 calumnias
470 2022 622 2107 ingerunt
635 2020 826 2094 manifestas,
840 2020 968 2105 rapiunt
982 2033 1017 2084 ut
1030 2019 1236 2100 distribuant,

283 2123 323 2186 de
353 2122 458 2186 alieno
486 2121 613 2207 placant
647 2119 859 2196 Altissimum,
887 2136 918 2186 et
949 2123 981 2184 in
1011 2121 1235 2186 contumeliam

280 2222 498 2310 apostolorum
524 2221 644 2308 ligandi
672 2235 703 2286 ct
729 2222 870 2286 solvendi
903 2237 1058 2310 usurpant
1083 2222 1237 2305 officium,

280 2338 439 2412 usurpant
453 2324 559 2389 claves
573 2324 724 2402 ecclesiae,
740 2324 930 2390 liberalitate
953 2326 1141 2411 pontificum
1157 2327 1235 2390 abu-

280 2441 396 2504 tentes,
426 2426 582 2501 ecclesias,
609 2450 691 2513 quas
721 2427 815 2490 semel
846 2429 1087 2515 occupaverint,
1113 2431 1236 2513 episco-

281 2550 395 2614 porum
412 2527 606 2593 subtrahunt
628 2529 792 2612 potestati,
808 2551 943 2614 quorum
965 2529 1115 2593 nituntur
1130 2545 1234 2615 potes-

284 2643 362 2709 tate,
384 2628 434 2693 vel
459 2629 661 2704 auctoritate,
684 2630 709 2694 si
731 2630 868 2715 aliquem
894 2630 1134 2716 provincialium
1161 2655 1234 2695 con-

280 2733 386 2796 venire
402 2730 570 2797 voluerint.
616 2731 649 2795 Si
667 2755 740 2796 vero
758 2733 987 2796 conveniantur
1001 2732 1042 2796 ab
1057 2731 1131 2809 alio,
1149 2733 1231 2796 Pon·

282 2832 407 2899 tilicalis
427 2834 599 2899 auctoritas
618 2837 787 2911 evanescit,
803 2855 905 2920 quum
927 2845 1067 2895 asserant
1082 2855 1115 2896 se
1130 2833 1234 2897 iorum

282 2959 343 3001 non
368 2935 486 3000 habere
512 2935 571 3001 nisi
599 2937 794 3014 Romanum,
818 2934 867 2998 vel
894 2931 1233 3019 Hierosolymitauum.

281 3037 378 3104 Unde
402 3036 591 3102 sublimitati
613 3052 727 3101 vestrae
747 3034 976 3100 consulendum
998 3046 1030 3098 et
1052 3033 1234 3119 supplican-

280 3139 359 3203 dum
381 3138 518 3214 decrevi,
535 3162 573 3203 ne
594 3140 724 3203 malitiae
742 3160 862 3215 eorum,
886 3159 982 3223 quam
1004 3150 1162 3216 exercent,
1177 3137 1234 3201 ad·

280 3264 393 3306 versus
416 3240 546 3305 latorem
570 3241 787 3327 praesentium,
811 3239 960 3304 clericum
983 3251 1015 3303 et
1038 3238 1232 3304 sacerdotem

279 3358 435 3422 vestrum,
449 3342 655 3428 indulgeatis:
680 3365 781 3427 quum
802 3364 897 3405 causa
917 3362 1028 3406 eorum
1045 3340 1146 3425 magis
1166 3364 1234 3405 ves·

278 3459 359 3510 tram
374 3443 490 3509 laedere
500 3443 647 3507 videatur
656 3442 832 3519 ecclesiam,
844 3466 941 3529 quam
952 3442 1045 3507 istius
1054 3465 1232 3529 personam.

278 3549 413 3613 Omnem
430 3546 512 3609 enim
537 3545 699 3609 ecclesiam
715 3568 812 3632 qnam
833 3545 878 3608 eis
900 3544 1126 3621 concesseritis,
1143 3545 1233 3609 vobis

278 3665 309 3715 et
324 3647 560 3715 successoribus
577 3648 688 3713 vestris
703 3647 865 3712 auferetis.

362 3892 586 3957 EPISTOLA
609 3893 818 3957 XCVl.-an
833 3912 971 3957 esraurr
987 3913 1145 3957 ansarum

529 4012 735 4057 cantassem
764 3994 808 4074 [A.
826 4013 856 4058 o.
876 3996 984 4075 lton]

611 4127 725 4190 Abbati
745 4128 891 4190 Cellenai.

321 4266 496 4328 erraaas
509 4258 716 4325 beatitudinis
727 4274 840 4326 restrae
850 4261 926 4325 mihi
938 4262 1019 4325 lator
1029 4261 1232 4347 praesentium

279 4364 399 4440 attulit,
432 4362 487 4426 sed
516 4362 593 4448 ipsis
619 4362 820 4428 Pascbalium
852 4363 999 4427 solenniis
1025 4362 1232 4426 feriaverunt.
