<?xml version="1.0" encoding="UTF-8"?>
<!DOCTYPE html PUBLIC "-//W3C//DTD XHTML 1.0 Transitional//EN"
    "http://www.w3.org/TR/xhtml1/DTD/xhtml1-transitional.dtd">
<html xmlns="http://www.w3.org/1999/xhtml" xml:lang="en" lang="en">
 <head>
  <title>
</title>
<meta http-equiv="Content-Type" content="text/html;charset=utf-8" />
  <meta name='ocr-system' content='tesseract 3.04.00' />
  <meta name='ocr-capabilities' content='ocr_page ocr_carea ocr_par ocr_line ocrx_word'/>
</head>
<body>
  <div class='ocr_page' id='page_1' title='image "./joannissaresber16johngoog_0271.png"; bbox 0 0 3034 5500; ppageno 0'>
   <div class='ocr_carea' id='block_1_1' title="bbox 147 759 1102 841">
    <p class='ocr_par' dir='ltr' id='par_1_1' title="bbox 147 759 1102 841">
     <span class='ocr_line' id='line_1_1' title="bbox 147 759 1102 841; baseline -0.008 -15"><span class='ocrx_word' id='word_1_1' title='bbox 147 759 257 841; x_wconf 76' lang='lat' dir='ltr'><strong>nou]</strong></span> <span class='ocrx_word' id='word_1_2' title='bbox 536 776 713 824; x_wconf 78' lang='lat' dir='ltr'><strong>samsona.</strong></span> <span class='ocrx_word' id='word_1_3' title='bbox 1038 766 1102 825; x_wconf 76' lang='lat'><strong>249</strong></span> 
     </span>
    </p>
   </div>
   <div class='ocr_carea' id='block_1_2' title="bbox 140 930 1108 3249">
    <p class='ocr_par' dir='ltr' id='par_1_2' title="bbox 140 930 1108 3249">
     <span class='ocr_line' id='line_1_2' title="bbox 140 930 1102 1017; baseline -0.001 -21"><span class='ocrx_word' id='word_1_4' title='bbox 140 931 284 1017; x_wconf 87' lang='lat' dir='ltr'><strong>juvenili</strong></span> <span class='ocrx_word' id='word_1_5' title='bbox 300 930 477 1005; x_wconf 75' lang='lat' dir='ltr'>alacritate,</span> <span class='ocrx_word' id='word_1_6' title='bbox 493 930 670 1011; x_wconf 70' lang='lat' dir='ltr'><strong>diligentiae</strong></span> <span class='ocrx_word' id='word_1_7' title='bbox 693 942 755 994; x_wconf 75' lang='lat' dir='ltr'><strong>tuas</strong></span> <span class='ocrx_word' id='word_1_8' title='bbox 778 933 940 1016; x_wconf 83' lang='lat' dir='ltr'><strong>proeripiat</strong></span> <span class='ocrx_word' id='word_1_9' title='bbox 954 932 1102 1016; x_wconf 89' lang='lat' dir='ltr'><strong>palmam.</strong></span> 
     </span>
     <span class='ocr_line' id='line_1_3' title="bbox 148 1029 1104 1115; baseline 0 -18"><span class='ocrx_word' id='word_1_10' title='bbox 148 1031 215 1097; x_wconf 85' lang='lat' dir='ltr'><strong>Sed</strong></span> <span class='ocrx_word' id='word_1_11' title='bbox 231 1033 259 1097; x_wconf 91' lang='lat' dir='ltr'><strong>si</strong></span> <span class='ocrx_word' id='word_1_12' title='bbox 274 1029 363 1096; x_wconf 84' lang='lat' dir='ltr'><strong>istud</strong></span> <span class='ocrx_word' id='word_1_13' title='bbox 386 1033 420 1094; x_wconf 92' lang='lat' dir='ltr'><strong>in</strong></span> <span class='ocrx_word' id='word_1_14' title='bbox 441 1043 579 1096; x_wconf 78' lang='lat' dir='ltr'><strong>mentem</strong></span> <span class='ocrx_word' id='word_1_15' title='bbox 600 1032 670 1115; x_wconf 91' lang='lat' dir='ltr'><strong>ejus</strong></span> <span class='ocrx_word' id='word_1_16' title='bbox 685 1033 818 1112; x_wconf 85' lang='lat' dir='ltr'><strong>venerit,</strong></span> <span class='ocrx_word' id='word_1_17' title='bbox 834 1035 924 1097; x_wconf 91' lang='lat' dir='ltr'><strong>Deus</strong></span> <span class='ocrx_word' id='word_1_18' title='bbox 938 1034 968 1096; x_wconf 93' lang='lat' dir='ltr'><strong>ei</strong></span> <span class='ocrx_word' id='word_1_19' title='bbox 983 1043 1104 1097; x_wconf 81' lang='lat' dir='ltr'><strong>tantam</strong></span> 
     </span>
     <span class='ocr_line' id='line_1_4' title="bbox 143 1132 1105 1218; baseline -0.001 -19"><span class='ocrx_word' id='word_1_20' title='bbox 143 1135 268 1199; x_wconf 80' lang='lat' dir='ltr'><strong>laetitiae</strong></span> <span class='ocrx_word' id='word_1_21' title='bbox 280 1145 312 1199; x_wconf 90' lang='lat' dir='ltr'><strong>et</strong></span> <span class='ocrx_word' id='word_1_22' title='bbox 321 1132 537 1218; x_wconf 85' lang='lat' dir='ltr'><strong>jucunditatis</strong></span> <span class='ocrx_word' id='word_1_23' title='bbox 550 1134 713 1198; x_wconf 77' lang='lat' dir='ltr'><strong>materiam</strong></span> <span class='ocrx_word' id='word_1_24' title='bbox 726 1136 852 1212; x_wconf 90' lang='lat' dir='ltr'><strong>tribuat,</strong></span> <span class='ocrx_word' id='word_1_25' title='bbox 864 1145 901 1199; x_wconf 94' lang='lat' dir='ltr'><strong>ut</strong></span> <span class='ocrx_word' id='word_1_26' title='bbox 915 1138 946 1198; x_wconf 92' lang='lat' dir='ltr'><strong>ei</strong></span> <span class='ocrx_word' id='word_1_27' title='bbox 960 1135 1105 1199; x_wconf 80' lang='lat' dir='ltr'><strong>excutiat</strong></span> 
     </span>
     <span class='ocr_line' id='line_1_5' title="bbox 148 1231 1103 1319; baseline -0.002 -19"><span class='ocrx_word' id='word_1_28' title='bbox 148 1236 330 1300; x_wconf 81' lang='lat' dir='ltr'><strong>necessitas</strong></span> <span class='ocrx_word' id='word_1_29' title='bbox 359 1231 517 1298; x_wconf 88' lang='lat' dir='ltr'><strong>reddendi</strong></span> <span class='ocrx_word' id='word_1_30' title='bbox 555 1234 641 1319; x_wconf 94' lang='lat' dir='ltr'><strong>quod</strong></span> <span class='ocrx_word' id='word_1_31' title='bbox 678 1234 738 1298; x_wconf 90' lang='lat' dir='ltr'><strong>tibi</strong></span> <span class='ocrx_word' id='word_1_32' title='bbox 761 1234 915 1317; x_wconf 91' lang='lat' dir='ltr'><strong>juvenilis</strong></span> <span class='ocrx_word' id='word_1_33' title='bbox 942 1235 1103 1299; x_wconf 86' lang='lat' dir='ltr'><strong>temeritas</strong></span> 
     </span>
     <span class='ocr_line' id='line_1_6' title="bbox 147 1334 1104 1422; baseline 0 -22"><span class='ocrx_word' id='word_1_34' title='bbox 147 1336 321 1422; x_wconf 68' lang='lat' dir='ltr'><strong>proripere</strong></span> <span class='ocrx_word' id='word_1_35' title='bbox 343 1336 542 1400; x_wconf 87' lang='lat' dir='ltr'><strong>moliebatur.</strong></span> <span class='ocrx_word' id='word_1_36' title='bbox 589 1336 625 1400; x_wconf 90' lang='lat' dir='ltr'><strong>Si</strong></span> <span class='ocrx_word' id='word_1_37' title='bbox 641 1348 747 1400; x_wconf 88' lang='lat' dir='ltr'><strong>tamen</strong></span> <span class='ocrx_word' id='word_1_38' title='bbox 763 1336 798 1400; x_wconf 90' lang='lat' dir='ltr'><strong>in</strong></span> <span class='ocrx_word' id='word_1_39' title='bbox 813 1338 875 1401; x_wconf 91' lang='lat' dir='ltr'><strong>hoc</strong></span> <span class='ocrx_word' id='word_1_40' title='bbox 892 1339 943 1399; x_wconf 92' lang='lat' dir='ltr'><strong>vel</strong></span> <span class='ocrx_word' id='word_1_41' title='bbox 958 1339 993 1400; x_wconf 91' lang='lat' dir='ltr'><strong>in</strong></span> <span class='ocrx_word' id='word_1_42' title='bbox 1016 1334 1104 1400; x_wconf 89' lang='lat' dir='ltr'><strong>aliud</strong></span> 
     </span>
     <span class='ocr_line' id='line_1_7' title="bbox 150 1436 1106 1522; baseline -0.001 -21"><span class='ocrx_word' id='word_1_43' title='bbox 150 1451 274 1522; x_wconf 87' lang='lat' dir='ltr'><strong>patrem</strong></span> <span class='ocrx_word' id='word_1_44' title='bbox 300 1437 395 1500; x_wconf 83' lang='lat' dir='ltr'><strong>fuerit</strong></span> <span class='ocrx_word' id='word_1_45' title='bbox 421 1436 574 1514; x_wconf 89' lang='lat' dir='ltr'><strong>imitatus,</strong></span> <span class='ocrx_word' id='word_1_46' title='bbox 601 1438 688 1521; x_wconf 94' lang='lat' dir='ltr'><strong>quod</strong></span> <span class='ocrx_word' id='word_1_47' title='bbox 717 1446 750 1500; x_wconf 90' lang='lat' dir='ltr'><strong>et</strong></span> <span class='ocrx_word' id='word_1_48' title='bbox 779 1438 935 1521; x_wconf 89' lang='lat' dir='ltr'><strong>pertinere</strong></span> <span class='ocrx_word' id='word_1_49' title='bbox 961 1438 1106 1502; x_wconf 88' lang='lat' dir='ltr'><strong>videatur</strong></span> 
     </span>
     <span class='ocr_line' id='line_1_8' title="bbox 147 1538 1106 1623; baseline -0.001 -20"><span class='ocrx_word' id='word_1_50' title='bbox 147 1538 192 1603; x_wconf 89' lang='lat' dir='ltr'><strong>ad</strong></span> <span class='ocrx_word' id='word_1_51' title='bbox 222 1540 364 1623; x_wconf 91' lang='lat' dir='ltr'><strong>culpam,</strong></span> <span class='ocrx_word' id='word_1_52' title='bbox 393 1560 453 1603; x_wconf 91' lang='lat' dir='ltr'><strong>nos</strong></span> <span class='ocrx_word' id='word_1_53' title='bbox 485 1540 539 1623; x_wconf 92' lang='lat' dir='ltr'><strong>qui</strong></span> <span class='ocrx_word' id='word_1_54' title='bbox 569 1540 782 1622; x_wconf 86' lang='lat' dir='ltr'><strong>provectiores</strong></span> <span class='ocrx_word' id='word_1_55' title='bbox 806 1561 916 1603; x_wconf 88' lang='lat' dir='ltr'><strong>samus</strong></span> <span class='ocrx_word' id='word_1_56' title='bbox 945 1550 1049 1618; x_wconf 80' lang='lat' dir='ltr'><strong>atate,</strong></span> <span class='ocrx_word' id='word_1_57' title='bbox 1074 1550 1106 1602; x_wconf 91' lang='lat' dir='ltr'><strong>et</strong></span> 
     </span>
     <span class='ocr_line' id='line_1_9' title="bbox 148 1640 1105 1725; baseline -0.001 -22"><span class='ocrx_word' id='word_1_58' title='bbox 148 1640 262 1725; x_wconf 68' lang='lat' dir='ltr'><strong>graden</strong></span> <span class='ocrx_word' id='word_1_59' title='bbox 278 1652 312 1705; x_wconf 92' lang='lat' dir='ltr'><strong>et</strong></span> <span class='ocrx_word' id='word_1_60' title='bbox 332 1641 453 1704; x_wconf 87' lang='lat' dir='ltr'><strong>similes</strong></span> <span class='ocrx_word' id='word_1_61' title='bbox 475 1642 586 1716; x_wconf 90' lang='lat' dir='ltr'><strong>nostri,</strong></span> <span class='ocrx_word' id='word_1_62' title='bbox 607 1641 818 1725; x_wconf 89' lang='lat' dir='ltr'><strong>corripiamus</strong></span> <span class='ocrx_word' id='word_1_63' title='bbox 839 1663 912 1704; x_wconf 91' lang='lat' dir='ltr'><strong>eum</strong></span> <span class='ocrx_word' id='word_1_64' title='bbox 934 1641 969 1702; x_wconf 91' lang='lat' dir='ltr'><strong>in</strong></span> <span class='ocrx_word' id='word_1_65' title='bbox 990 1641 1105 1725; x_wconf 88' lang='lat' dir='ltr'><strong>spiritu</strong></span> 
     </span>
     <span class='ocr_line' id='line_1_10' title="bbox 149 1739 1104 1825; baseline -0.004 -19"><span class='ocrx_word' id='word_1_66' title='bbox 149 1741 311 1806; x_wconf 85' lang='lat' dir='ltr'><strong>leuitatis:</strong></span> <span class='ocrx_word' id='word_1_67' title='bbox 347 1739 588 1805; x_wconf 88' lang='lat' dir='ltr'><strong>considerantes</strong></span> <span class='ocrx_word' id='word_1_68' title='bbox 611 1762 672 1804; x_wconf 91' lang='lat' dir='ltr'><strong>nos</strong></span> <span class='ocrx_word' id='word_1_69' title='bbox 697 1762 738 1804; x_wconf 91' lang='lat' dir='ltr'><strong>an</strong></span> <span class='ocrx_word' id='word_1_70' title='bbox 766 1753 798 1805; x_wconf 92' lang='lat' dir='ltr'><strong>et</strong></span> <span class='ocrx_word' id='word_1_71' title='bbox 822 1741 885 1824; x_wconf 93' lang='lat' dir='ltr'><strong>ipsi</strong></span> <span class='ocrx_word' id='word_1_72' title='bbox 912 1739 1104 1825; x_wconf 86' lang='lat' dir='ltr'><strong>quandoque</strong></span> 
     </span>
     <span class='ocr_line' id='line_1_11' title="bbox 149 1840 1105 1926; baseline -0.004 -18"><span class='ocrx_word' id='word_1_73' title='bbox 149 1843 264 1908; x_wconf 86' lang='lat' dir='ltr'><strong>tentati</strong></span> <span class='ocrx_word' id='word_1_74' title='bbox 284 1843 447 1907; x_wconf 83' lang='lat' dir='ltr'><strong>fuerimus.</strong></span> <span class='ocrx_word' id='word_1_75' title='bbox 493 1843 611 1906; x_wconf 90' lang='lat' dir='ltr'><strong>Nonne</strong></span> <span class='ocrx_word' id='word_1_76' title='bbox 637 1844 721 1906; x_wconf 89' lang='lat' dir='ltr'><strong>euim</strong></span> <span class='ocrx_word' id='word_1_77' title='bbox 748 1864 847 1926; x_wconf 89' lang='lat' dir='ltr'><strong>puero</strong></span> <span class='ocrx_word' id='word_1_78' title='bbox 872 1840 1105 1923; x_wconf 80' lang='lat' dir='ltr'><strong>indulgendum</strong></span> 
     </span>
     <span class='ocr_line' id='line_1_12' title="bbox 151 1941 1104 2032; baseline -0.006 -22"><span class='ocrx_word' id='word_1_79' title='bbox 151 1956 212 2024; x_wconf 86' lang='lat' dir='ltr'><strong>est,</strong></span> <span class='ocrx_word' id='word_1_80' title='bbox 233 1945 260 2032; x_wconf 84' lang='lat' dir='ltr'><strong>si</strong></span> <span class='ocrx_word' id='word_1_81' title='bbox 283 1945 382 2008; x_wconf 92' lang='lat' dir='ltr'><strong>semel</strong></span> <span class='ocrx_word' id='word_1_82' title='bbox 405 1944 576 2007; x_wconf 88' lang='lat' dir='ltr'><strong>inclinatur</strong></span> <span class='ocrx_word' id='word_1_83' title='bbox 597 1942 632 2006; x_wconf 93' lang='lat' dir='ltr'><strong>in</strong></span> <span class='ocrx_word' id='word_1_84' title='bbox 654 1955 760 2020; x_wconf 90' lang='lat' dir='ltr'><strong>nocte,</strong></span> <span class='ocrx_word' id='word_1_85' title='bbox 775 1965 874 2028; x_wconf 91' lang='lat' dir='ltr'><strong>quum</strong></span> <span class='ocrx_word' id='word_1_86' title='bbox 897 1954 930 2008; x_wconf 93' lang='lat' dir='ltr'><strong>et</strong></span> <span class='ocrx_word' id='word_1_87' title='bbox 944 1943 1053 2027; x_wconf 90' lang='lat' dir='ltr'><strong>justus</strong></span> <span class='ocrx_word' id='word_1_88' title='bbox 1072 1941 1104 2004; x_wconf 94' lang='lat' dir='ltr'><strong>in</strong></span> 
     </span>
     <span class='ocr_line' id='line_1_13' title="bbox 152 2043 1105 2129; baseline -0.004 -19"><span class='ocrx_word' id='word_1_89' title='bbox 152 2044 206 2110; x_wconf 93' lang='lat' dir='ltr'><strong>die</strong></span> <span class='ocrx_word' id='word_1_90' title='bbox 221 2045 343 2128; x_wconf 87' lang='lat' dir='ltr'><strong>septies</strong></span> <span class='ocrx_word' id='word_1_91' title='bbox 362 2043 480 2109; x_wconf 86' lang='lat' dir='ltr'><strong>cadat?</strong></span> <span class='ocrx_word' id='word_1_92' title='bbox 506 2043 582 2129; x_wconf 88' lang='lat' dir='ltr'><strong>quid</strong></span> <span class='ocrx_word' id='word_1_93' title='bbox 606 2045 632 2108; x_wconf 88' lang='lat' dir='ltr'><strong>si</strong></span> <span class='ocrx_word' id='word_1_94' title='bbox 651 2046 839 2110; x_wconf 85' lang='lat' dir='ltr'><strong>incessisset</strong></span> <span class='ocrx_word' id='word_1_95' title='bbox 858 2047 927 2125; x_wconf 85' lang='lat' dir='ltr'><strong>iter,</strong></span> <span class='ocrx_word' id='word_1_96' title='bbox 944 2065 1008 2128; x_wconf 93' lang='lat' dir='ltr'><strong>quo</strong></span> <span class='ocrx_word' id='word_1_97' title='bbox 1023 2044 1105 2107; x_wconf 91' lang='lat' dir='ltr'><strong>alius</strong></span> 
     </span>
     <span class='ocr_line' id='line_1_14' title="bbox 151 2146 1108 2231; baseline -0.004 -19"><span class='ocrx_word' id='word_1_98' title='bbox 151 2169 219 2212; x_wconf 89' lang='lat' dir='ltr'><strong>non</strong></span> <span class='ocrx_word' id='word_1_99' title='bbox 244 2146 359 2210; x_wconf 83' lang='lat' dir='ltr'><strong>fuisset</strong></span> <span class='ocrx_word' id='word_1_100' title='bbox 387 2147 560 2228; x_wconf 83' lang='lat' dir='ltr'><strong>ingressus,</strong></span> <span class='ocrx_word' id='word_1_101' title='bbox 586 2147 613 2210; x_wconf 89' lang='lat' dir='ltr'><strong>si</strong></span> <span class='ocrx_word' id='word_1_102' title='bbox 643 2160 746 2211; x_wconf 88' lang='lat' dir='ltr'><strong>mater</strong></span> <span class='ocrx_word' id='word_1_103' title='bbox 769 2147 838 2231; x_wconf 89' lang='lat' dir='ltr'><strong>jam</strong></span> <span class='ocrx_word' id='word_1_104' title='bbox 867 2169 933 2212; x_wconf 94' lang='lat' dir='ltr'><strong>non</strong></span> <span class='ocrx_word' id='word_1_105' title='bbox 962 2146 1108 2209; x_wconf 88' lang='lat' dir='ltr'><strong>meminit</strong></span> 
     </span>
     <span class='ocr_line' id='line_1_15' title="bbox 151 2246 1105 2335; baseline -0.003 -22"><span class='ocrx_word' id='word_1_106' title='bbox 151 2269 307 2335; x_wconf 74' lang='lat' dir='ltr'><strong>pressuras</strong></span> <span class='ocrx_word' id='word_1_107' title='bbox 329 2259 459 2331; x_wconf 85' lang='lat' dir='ltr'><strong>propter</strong></span> <span class='ocrx_word' id='word_1_108' title='bbox 482 2246 644 2328; x_wconf 79' lang='lat' dir='ltr'><strong>gaudium,</strong></span> <span class='ocrx_word' id='word_1_109' title='bbox 667 2248 745 2332; x_wconf 94' lang='lat' dir='ltr'><strong>quia</strong></span> <span class='ocrx_word' id='word_1_110' title='bbox 767 2261 862 2313; x_wconf 90' lang='lat' dir='ltr'><strong>natus</strong></span> <span class='ocrx_word' id='word_1_111' title='bbox 884 2261 933 2313; x_wconf 92' lang='lat' dir='ltr'><strong>est</strong></span> <span class='ocrx_word' id='word_1_112' title='bbox 953 2249 1050 2311; x_wconf 92' lang='lat' dir='ltr'><strong>homo</strong></span> <span class='ocrx_word' id='word_1_113' title='bbox 1072 2248 1105 2310; x_wconf 93' lang='lat' dir='ltr'><strong>iu</strong></span> 
     </span>
     <span class='ocr_line' id='line_1_16' title="bbox 151 2347 1107 2435; baseline -0.004 -18"><span class='ocrx_word' id='word_1_114' title='bbox 151 2350 325 2417; x_wconf 90' lang='lat' dir='ltr'><strong>mundum:</strong></span> <span class='ocrx_word' id='word_1_115' title='bbox 355 2371 413 2414; x_wconf 89' lang='lat' dir='ltr'><strong>cur</strong></span> <span class='ocrx_word' id='word_1_116' title='bbox 434 2347 552 2413; x_wconf 90' lang='lat' dir='ltr'><strong>amodo</strong></span> <span class='ocrx_word' id='word_1_117' title='bbox 573 2351 689 2414; x_wconf 88' lang='lat' dir='ltr'><strong>sentiet</strong></span> <span class='ocrx_word' id='word_1_118' title='bbox 710 2365 799 2435; x_wconf 87' lang='lat' dir='ltr'><strong>pater</strong></span> <span class='ocrx_word' id='word_1_119' title='bbox 816 2353 979 2434; x_wconf 79' lang='lat' dir='ltr'><strong>angustias</strong></span> <span class='ocrx_word' id='word_1_120' title='bbox 1001 2360 1107 2435; x_wconf 86' lang='lat' dir='ltr'><strong>partu·</strong></span> 
     </span>
     <span class='ocr_line' id='line_1_17' title="bbox 153 2451 1106 2536; baseline -0.002 -18"><span class='ocrx_word' id='word_1_121' title='bbox 153 2451 283 2518; x_wconf 89' lang='lat' dir='ltr'><strong>rientis?</strong></span> <span class='ocrx_word' id='word_1_122' title='bbox 318 2453 407 2534; x_wconf 83' lang='lat' dir='ltr'><strong>Ergo</strong></span> <span class='ocrx_word' id='word_1_123' title='bbox 421 2452 579 2515; x_wconf 89' lang='lat' dir='ltr'><strong>hactenus</strong></span> <span class='ocrx_word' id='word_1_124' title='bbox 601 2453 763 2536; x_wconf 91' lang='lat' dir='ltr'><strong>puniatur,</strong></span> <span class='ocrx_word' id='word_1_125' title='bbox 778 2465 813 2516; x_wconf 92' lang='lat' dir='ltr'><strong>ut</strong></span> <span class='ocrx_word' id='word_1_126' title='bbox 827 2463 969 2517; x_wconf 91' lang='lat' dir='ltr'><strong>nostrum</strong></span> <span class='ocrx_word' id='word_1_127' title='bbox 985 2455 1106 2516; x_wconf 89' lang='lat' dir='ltr'><strong>‘bene-</strong></span> 
     </span>
     <span class='ocr_line' id='line_1_18' title="bbox 152 2550 1106 2637; baseline -0.004 -19"><span class='ocrx_word' id='word_1_128' title='bbox 152 2554 260 2619; x_wconf 90' lang='lat' dir='ltr'><strong>dicite’</strong></span> <span class='ocrx_word' id='word_1_129' title='bbox 274 2575 377 2637; x_wconf 88' lang='lat' dir='ltr'><strong>usque</strong></span> <span class='ocrx_word' id='word_1_130' title='bbox 400 2550 441 2615; x_wconf 92' lang='lat' dir='ltr'><strong>ad</strong></span> <span class='ocrx_word' id='word_1_131' title='bbox 461 2551 654 2634; x_wconf 71' lang='lat' dir='ltr'><strong>praefinitum</strong></span> <span class='ocrx_word' id='word_1_132' title='bbox 669 2551 755 2614; x_wconf 90' lang='lat' dir='ltr'><strong>diem</strong></span> <span class='ocrx_word' id='word_1_133' title='bbox 773 2553 803 2614; x_wconf 92' lang='lat' dir='ltr'><strong>ei</strong></span> <span class='ocrx_word' id='word_1_134' title='bbox 826 2553 1024 2635; x_wconf 86' lang='lat' dir='ltr'><strong>proclamare</strong></span> <span class='ocrx_word' id='word_1_135' title='bbox 1039 2572 1106 2615; x_wconf 92' lang='lat' dir='ltr'><strong>non</strong></span> 
     </span>
     <span class='ocr_line' id='line_1_19' title="bbox 151 2652 1107 2736; baseline -0.005 -16"><span class='ocrx_word' id='word_1_136' title='bbox 151 2657 258 2732; x_wconf 89' lang='lat' dir='ltr'><strong>liceat,</strong></span> <span class='ocrx_word' id='word_1_137' title='bbox 274 2654 337 2719; x_wconf 91' lang='lat' dir='ltr'><strong>nisi</strong></span> <span class='ocrx_word' id='word_1_138' title='bbox 353 2653 446 2717; x_wconf 88' lang='lat' dir='ltr'><strong>venia</strong></span> <span class='ocrx_word' id='word_1_139' title='bbox 460 2654 639 2736; x_wconf 89' lang='lat' dir='ltr'><strong>impetrata,</strong></span> <span class='ocrx_word' id='word_1_140' title='bbox 654 2652 730 2715; x_wconf 93' lang='lat' dir='ltr'><strong>dum</strong></span> <span class='ocrx_word' id='word_1_141' title='bbox 749 2662 857 2716; x_wconf 90' lang='lat' dir='ltr'><strong>tamen</strong></span> <span class='ocrx_word' id='word_1_142' title='bbox 871 2653 994 2717; x_wconf 85' lang='lat' dir='ltr'><strong>fructus</strong></span> <span class='ocrx_word' id='word_1_143' title='bbox 1008 2654 1107 2716; x_wconf 90' lang='lat' dir='ltr'><strong>bene-</strong></span> 
     </span>
     <span class='ocr_line' id='line_1_20' title="bbox 154 2755 1108 2831; baseline -0.007 -7"><span class='ocrx_word' id='word_1_144' title='bbox 154 2759 305 2823; x_wconf 87' lang='lat' dir='ltr'><strong>dictionis</strong></span> <span class='ocrx_word' id='word_1_145' title='bbox 335 2756 561 2822; x_wconf 86' lang='lat' dir='ltr'><strong>commuuicet.</strong></span> <span class='ocrx_word' id='word_1_146' title='bbox 616 2757 667 2819; x_wconf 91' lang='lat' dir='ltr'><strong>De</strong></span> <span class='ocrx_word' id='word_1_147' title='bbox 698 2766 826 2831; x_wconf 74' lang='lat' dir='ltr'><strong>cratero,</strong></span> <span class='ocrx_word' id='word_1_148' title='bbox 855 2755 896 2818; x_wconf 92' lang='lat' dir='ltr'><strong>de</strong></span> <span class='ocrx_word' id='word_1_149' title='bbox 925 2755 1046 2818; x_wconf 92' lang='lat' dir='ltr'><strong>honore</strong></span> <span class='ocrx_word' id='word_1_150' title='bbox 1076 2766 1108 2818; x_wconf 90' lang='lat' dir='ltr'><strong>et</strong></span> 
     </span>
     <span class='ocr_line' id='line_1_21' title="bbox 153 2854 1108 2945; baseline -0.009 -19"><span class='ocrx_word' id='word_1_151' title='bbox 153 2882 270 2939; x_wconf 90' lang='lat' dir='ltr'><strong>amore,</strong></span> <span class='ocrx_word' id='word_1_152' title='bbox 296 2881 393 2945; x_wconf 91' lang='lat' dir='ltr'><strong>quem</strong></span> <span class='ocrx_word' id='word_1_153' title='bbox 422 2858 501 2921; x_wconf 91' lang='lat' dir='ltr'><strong>mihi</strong></span> <span class='ocrx_word' id='word_1_154' title='bbox 532 2854 706 2930; x_wconf 84' lang='lat' dir='ltr'><strong>exhibetis,</strong></span> <span class='ocrx_word' id='word_1_155' title='bbox 733 2869 765 2918; x_wconf 92' lang='lat' dir='ltr'><strong>et</strong></span> <span class='ocrx_word' id='word_1_156' title='bbox 793 2854 879 2918; x_wconf 82' lang='lat' dir='ltr'><strong>fratri</strong></span> <span class='ocrx_word' id='word_1_157' title='bbox 904 2875 990 2930; x_wconf 90' lang='lat' dir='ltr'><strong>meo,</strong></span> <span class='ocrx_word' id='word_1_158' title='bbox 1016 2854 1108 2917; x_wconf 91' lang='lat' dir='ltr'><strong>vobis</strong></span> 
     </span>
     <span class='ocr_line' id='line_1_22' title="bbox 153 2955 1108 3045; baseline -0.008 -19"><span class='ocrx_word' id='word_1_159' title='bbox 153 2963 271 3045; x_wconf 82' lang='lat' dir='ltr'><strong>gratias</strong></span> <span class='ocrx_word' id='word_1_160' title='bbox 290 2961 401 3025; x_wconf 87' lang='lat' dir='ltr'><strong>refero.</strong></span> <span class='ocrx_word' id='word_1_161' title='bbox 448 2961 533 3023; x_wconf 90' lang='lat' dir='ltr'><strong>Nam</strong></span> <span class='ocrx_word' id='word_1_162' title='bbox 558 2957 646 3044; x_wconf 91' lang='lat' dir='ltr'><strong>quod</strong></span> <span class='ocrx_word' id='word_1_163' title='bbox 662 2960 690 3021; x_wconf 92' lang='lat' dir='ltr'><strong>ei</strong></span> <span class='ocrx_word' id='word_1_164' title='bbox 707 2957 754 3036; x_wconf 87' lang='lat' dir='ltr'><strong>fit,</strong></span> <span class='ocrx_word' id='word_1_165' title='bbox 769 2957 848 3020; x_wconf 92' lang='lat' dir='ltr'><strong>mibi</strong></span> <span class='ocrx_word' id='word_1_166' title='bbox 869 2956 938 3020; x_wconf 86' lang='lat' dir='ltr'><strong>fleri</strong></span> <span class='ocrx_word' id='word_1_167' title='bbox 963 2955 1108 3035; x_wconf 87' lang='lat' dir='ltr'><strong>arbitror,</strong></span> 
     </span>
     <span class='ocr_line' id='line_1_23' title="bbox 154 3059 1108 3143; baseline -0.005 -16"><span class='ocrx_word' id='word_1_168' title='bbox 154 3064 236 3128; x_wconf 91' lang='lat' dir='ltr'><strong>adeo</strong></span> <span class='ocrx_word' id='word_1_169' title='bbox 251 3074 284 3127; x_wconf 91' lang='lat' dir='ltr'><strong>st</strong></span> <span class='ocrx_word' id='word_1_170' title='bbox 298 3076 334 3127; x_wconf 92' lang='lat' dir='ltr'><strong>ut</strong></span> <span class='ocrx_word' id='word_1_171' title='bbox 348 3060 389 3125; x_wconf 92' lang='lat' dir='ltr'><strong>de</strong></span> <span class='ocrx_word' id='word_1_172' title='bbox 401 3062 571 3125; x_wconf 85' lang='lat' dir='ltr'><strong>velleribus</strong></span> <span class='ocrx_word' id='word_1_173' title='bbox 586 3063 691 3125; x_wconf 90' lang='lat' dir='ltr'><strong>ovium</strong></span> <span class='ocrx_word' id='word_1_174' title='bbox 703 3071 874 3124; x_wconf 89' lang='lat' dir='ltr'><strong>vestrarum</strong></span> <span class='ocrx_word' id='word_1_175' title='bbox 887 3060 922 3122; x_wconf 92' lang='lat' dir='ltr'><strong>in</strong></span> <span class='ocrx_word' id='word_1_176' title='bbox 937 3059 1008 3143; x_wconf 88' lang='lat' dir='ltr'><strong>ipso</strong></span> <span class='ocrx_word' id='word_1_177' title='bbox 1023 3059 1108 3122; x_wconf 90' lang='lat' dir='ltr'><strong>cale·</strong></span> 
     </span>
     <span class='ocr_line' id='line_1_24' title="bbox 155 3165 609 3249; baseline -0.009 -19"><span class='ocrx_word' id='word_1_178' title='bbox 155 3166 240 3230; x_wconf 84' lang='lat' dir='ltr'><strong>lacta</strong></span> <span class='ocrx_word' id='word_1_179' title='bbox 253 3174 399 3249; x_wconf 90' lang='lat' dir='ltr'><strong>reputem</strong></span> <span class='ocrx_word' id='word_1_180' title='bbox 414 3165 514 3227; x_wconf 89' lang='lat' dir='ltr'><strong>latera</strong></span> <span class='ocrx_word' id='word_1_181' title='bbox 529 3185 609 3227; x_wconf 88' lang='lat' dir='ltr'><strong>mea.</strong></span> 
     </span>
    </p>
   </div>
   <div class='ocr_carea' id='block_1_3' title="bbox 192 3436 1073 3618">
    <p class='ocr_par' dir='ltr' id='par_1_3' title="bbox 192 3436 1073 3618">
     <span class='ocr_line' id='line_1_25' title="bbox 192 3436 1073 3502; baseline -0.007 0"><span class='ocrx_word' id='word_1_182' title='bbox 192 3436 414 3502; x_wconf 82' lang='lat' dir='ltr'><strong>EPISTOLA</strong></span> <span class='ocrx_word' id='word_1_183' title='bbox 438 3436 682 3500; x_wconf 75' lang='lat' dir='ltr'><strong>CLVIIL-so</strong></span> <span class='ocrx_word' id='word_1_184' title='bbox 697 3453 879 3498; x_wconf 76' lang='lat' dir='ltr'><strong>sumansu</strong></span> <span class='ocrx_word' id='word_1_185' title='bbox 897 3453 941 3497; x_wconf 83' lang='lat' dir='ltr'><strong>ns</strong></span> <span class='ocrx_word' id='word_1_186' title='bbox 955 3451 1073 3498; x_wconf 82' lang='lat' dir='ltr'><strong>osana.</strong></span> 
     </span>
     <span class='ocr_line' id='line_1_26' title="bbox 528 3535 744 3618; baseline -0.005 -19"><span class='ocrx_word' id='word_1_187' title='bbox 528 3538 572 3618; x_wconf 73' lang='lat' dir='ltr'><strong>[s.</strong></span> <span class='ocrx_word' id='word_1_188' title='bbox 587 3556 616 3599; x_wconf 90' lang='lat' dir='ltr'><strong>n.</strong></span> <span class='ocrx_word' id='word_1_189' title='bbox 636 3535 744 3615; x_wconf 73' lang='lat' dir='ltr'><strong>llos]</strong></span> 
     </span>
    </p>
   </div>
   <div class='ocr_carea' id='block_1_4' title="bbox 473 3669 793 3755">
    <p class='ocr_par' dir='ltr' id='par_1_4' title="bbox 473 3669 793 3755">
     <span class='ocr_line' id='line_1_27' title="bbox 473 3669 793 3755; baseline -0.003 -20"><span class='ocrx_word' id='word_1_190' title='bbox 473 3672 605 3755; x_wconf 80' lang='lat' dir='ltr'><strong>Alsredo</strong></span> <span class='ocrx_word' id='word_1_191' title='bbox 619 3671 660 3734; x_wconf 83' lang='lat' dir='ltr'><strong>de</strong></span> <span class='ocrx_word' id='word_1_192' title='bbox 677 3669 793 3734; x_wconf 78' lang='lat' dir='ltr'><strong>Cerdo.</strong></span> 
     </span>
    </p>
   </div>
   <div class='ocr_carea' id='block_1_5' title="bbox 155 3786 1113 4079">
    <p class='ocr_par' dir='ltr' id='par_1_5' title="bbox 155 3786 1113 4079">
     <span class='ocr_line' id='line_1_28' title="bbox 198 3786 1111 3871; baseline -0.01 -14"><span class='ocrx_word' id='word_1_193' title='bbox 198 3794 316 3858; x_wconf 74' lang='lat' dir='ltr'><strong>Tauro</strong></span> <span class='ocrx_word' id='word_1_194' title='bbox 345 3791 510 3856; x_wconf 89' lang='lat' dir='ltr'><strong>dilectioni</strong></span> <span class='ocrx_word' id='word_1_195' title='bbox 544 3799 655 3852; x_wconf 84' lang='lat' dir='ltr'><strong>vestrae</strong></span> <span class='ocrx_word' id='word_1_196' title='bbox 681 3787 722 3850; x_wconf 92' lang='lat' dir='ltr'><strong>ad</strong></span> <span class='ocrx_word' id='word_1_197' title='bbox 752 3787 912 3871; x_wconf 88' lang='lat' dir='ltr'><strong>pleniores</strong></span> <span class='ocrx_word' id='word_1_198' title='bbox 941 3786 1111 3867; x_wconf 82' lang='lat' dir='ltr'><strong>gratiarum</strong></span> 
     </span>
     <span class='ocr_line' id='line_1_29' title="bbox 155 3886 1111 3977; baseline -0.012 -17"><span class='ocrx_word' id='word_1_199' title='bbox 155 3906 266 3960; x_wconf 91' lang='lat' dir='ltr'><strong>teneor</strong></span> <span class='ocrx_word' id='word_1_200' title='bbox 279 3894 437 3971; x_wconf 88' lang='lat' dir='ltr'><strong>actiones,</strong></span> <span class='ocrx_word' id='word_1_201' title='bbox 451 3903 573 3977; x_wconf 90' lang='lat' dir='ltr'><strong>quanto</strong></span> <span class='ocrx_word' id='word_1_202' title='bbox 595 3889 761 3953; x_wconf 88' lang='lat' dir='ltr'><strong>sinceriori</strong></span> <span class='ocrx_word' id='word_1_203' title='bbox 782 3899 815 3952; x_wconf 88' lang='lat' dir='ltr'><strong>et</strong></span> <span class='ocrx_word' id='word_1_204' title='bbox 829 3888 1011 3951; x_wconf 83' lang='lat' dir='ltr'><strong>ferventiori</strong></span> <span class='ocrx_word' id='word_1_205' title='bbox 1032 3886 1111 3950; x_wconf 93' lang='lat' dir='ltr'><strong>cari·</strong></span> 
     </span>
     <span class='ocr_line' id='line_1_30' title="bbox 158 3988 1113 4079; baseline -0.012 -18"><span class='ocrx_word' id='word_1_206' title='bbox 158 4006 223 4061; x_wconf 87' lang='lat' dir='ltr'><strong>tate</strong></span> <span class='ocrx_word' id='word_1_207' title='bbox 253 3996 316 4060; x_wconf 91' lang='lat' dir='ltr'><strong>mei</strong></span> <span class='ocrx_word' id='word_1_208' title='bbox 347 3995 603 4079; x_wconf 88' lang='lat' dir='ltr'><strong>compassionem</strong></span> <span class='ocrx_word' id='word_1_209' title='bbox 627 3989 785 4055; x_wconf 90' lang='lat' dir='ltr'><strong>habuistis</strong></span> <span class='ocrx_word' id='word_1_210' title='bbox 814 3989 914 4067; x_wconf 79' lang='lat' dir='ltr'><strong>exilii,</strong></span> <span class='ocrx_word' id='word_1_211' title='bbox 939 3988 1113 4072; x_wconf 75' lang='lat' dir='ltr'><strong>prasertim</strong></span> 
     </span>
    </p>
   </div>
   <div class='ocr_carea' id='block_1_6' title="bbox 157 4091 1114 4489">
    <p class='ocr_par' dir='ltr' id='par_1_6' title="bbox 157 4091 1114 4489">
     <span class='ocr_line' id='line_1_31' title="bbox 157 4091 1114 4183; baseline -0.013 -20"><span class='ocrx_word' id='word_1_212' title='bbox 157 4120 255 4183; x_wconf 92' lang='lat' dir='ltr'><strong>quum</strong></span> <span class='ocrx_word' id='word_1_213' title='bbox 283 4118 356 4161; x_wconf 90' lang='lat' dir='ltr'><strong>mea</strong></span> <span class='ocrx_word' id='word_1_214' title='bbox 385 4118 451 4160; x_wconf 92' lang='lat' dir='ltr'><strong>non</strong></span> <span class='ocrx_word' id='word_1_215' title='bbox 482 4094 706 4178; x_wconf 71' lang='lat' dir='ltr'><strong>precesserint</strong></span> <span class='ocrx_word' id='word_1_216' title='bbox 735 4092 857 4172; x_wconf 88' lang='lat' dir='ltr'><strong>merita,</strong></span> <span class='ocrx_word' id='word_1_217' title='bbox 883 4091 962 4155; x_wconf 91' lang='lat' dir='ltr'><strong>licet</strong></span> <span class='ocrx_word' id='word_1_218' title='bbox 987 4110 1114 4173; x_wconf 90' lang='lat' dir='ltr'><strong>semper</strong></span> 
     </span>
     <span class='ocr_line' id='line_1_32' title="bbox 157 4190 1114 4281; baseline -0.013 -17"><span class='ocrx_word' id='word_1_219' title='bbox 157 4201 286 4264; x_wconf 80' lang='lat' dir='ltr'><strong>affuerit</strong></span> <span class='ocrx_word' id='word_1_220' title='bbox 310 4202 458 4264; x_wconf 87' lang='lat' dir='ltr'><strong>voluntas</strong></span> <span class='ocrx_word' id='word_1_221' title='bbox 482 4196 692 4281; x_wconf 90' lang='lat' dir='ltr'><strong>promerendi.</strong></span> <span class='ocrx_word' id='word_1_222' title='bbox 737 4197 783 4259; x_wconf 85' lang='lat' dir='ltr'><strong>Et</strong></span> <span class='ocrx_word' id='word_1_223' title='bbox 806 4194 882 4279; x_wconf 92' lang='lat' dir='ltr'><strong>quia</strong></span> <span class='ocrx_word' id='word_1_224' title='bbox 906 4190 947 4256; x_wconf 91' lang='lat' dir='ltr'><strong>ad</strong></span> <span class='ocrx_word' id='word_1_225' title='bbox 971 4210 1114 4275; x_wconf 76' lang='lat' dir='ltr'><strong>praesens</strong></span> 
     </span>
     <span class='ocr_line' id='line_1_33' title="bbox 157 4291 1110 4382; baseline -0.016 -16"><span class='ocrx_word' id='word_1_226' title='bbox 157 4311 190 4366; x_wconf 93' lang='lat' dir='ltr'><strong>et</strong></span> <span class='ocrx_word' id='word_1_227' title='bbox 217 4301 340 4366; x_wconf 87' lang='lat' dir='ltr'><strong>meritis</strong></span> <span class='ocrx_word' id='word_1_228' title='bbox 366 4300 478 4363; x_wconf 86' lang='lat' dir='ltr'><strong>vestris</strong></span> <span class='ocrx_word' id='word_1_229' title='bbox 503 4297 699 4382; x_wconf 87' lang='lat' dir='ltr'><strong>respondere</strong></span> <span class='ocrx_word' id='word_1_230' title='bbox 725 4318 791 4359; x_wconf 86' lang='lat' dir='ltr'><strong>non</strong></span> <span class='ocrx_word' id='word_1_231' title='bbox 816 4315 958 4378; x_wconf 90' lang='lat' dir='ltr'><strong>possum,</strong></span> <span class='ocrx_word' id='word_1_232' title='bbox 983 4291 1110 4354; x_wconf 90' lang='lat' dir='ltr'><strong>interim</strong></span> 
     </span>
     <span class='ocr_line' id='line_1_34' title="bbox 159 4393 1112 4489; baseline -0.017 -21"><span class='ocrx_word' id='word_1_233' title='bbox 159 4405 318 4489; x_wconf 88' lang='lat' dir='ltr'><strong>meipsum</strong></span> <span class='ocrx_word' id='word_1_234' title='bbox 347 4402 511 4486; x_wconf 92' lang='lat' dir='ltr'><strong>obsequiis</strong></span> <span class='ocrx_word' id='word_1_235' title='bbox 541 4400 653 4464; x_wconf 87' lang='lat' dir='ltr'><strong>vestris</strong></span> <span class='ocrx_word' id='word_1_236' title='bbox 684 4397 921 4481; x_wconf 88' lang='lat' dir='ltr'><strong>promptissima</strong></span> <span class='ocrx_word' id='word_1_237' title='bbox 950 4393 1112 4455; x_wconf 88' lang='lat' dir='ltr'><strong>voluntate</strong></span> 
     </span>
    </p>
   </div>
   <div class='ocr_carea' id='block_1_7' title="bbox 0 0 1539 5500">
    <p class='ocr_par' dir='ltr' id='par_1_7' title="bbox 0 0 1539 5500">
     <span class='ocr_line' id='line_1_35' title="bbox 0 0 1539 5500; baseline 0 0"><span class='ocrx_word' id='word_1_238' title='bbox 0 0 1539 5500; x_wconf 95' lang='lat' dir='ltr'><strong> </strong></span> 
     </span>
    </p>
   </div>
  </div>
 </body>
</html>
