<?xml version="1.0" encoding="UTF-8"?>
<!DOCTYPE html PUBLIC "-//W3C//DTD XHTML 1.0 Transitional//EN"
    "http://www.w3.org/TR/xhtml1/DTD/xhtml1-transitional.dtd">
<html xmlns="http://www.w3.org/1999/xhtml" xml:lang="en" lang="en">
 <head>
  <title>
</title>
<meta http-equiv="Content-Type" content="text/html;charset=utf-8" />
  <meta name='ocr-system' content='tesseract 3.04.00' />
  <meta name='ocr-capabilities' content='ocr_page ocr_carea ocr_par ocr_line ocrx_word'/>
</head>
<body>
  <div class='ocr_page' id='page_1' title='image "./joannissaresber16johngoog_0362.png"; bbox 0 0 3034 5500; ppageno 0'>
   <div class='ocr_carea' id='block_1_1' title="bbox 394 743 1170 803">
    <p class='ocr_par' dir='ltr' id='par_1_1' title="bbox 394 743 1170 803">
     <span class='ocr_line' id='line_1_1' title="bbox 394 743 1170 803; baseline 0 -1"><span class='ocrx_word' id='word_1_1' title='bbox 394 743 457 802; x_wconf 81' lang='lat'><strong>340</strong></span> <span class='ocrx_word' id='word_1_2' title='bbox 567 757 695 803; x_wconf 70' lang='lat' dir='ltr'><strong>nanum</strong></span> <span class='ocrx_word' id='word_1_3' title='bbox 712 756 942 802; x_wconf 75' lang='lat' dir='ltr'><strong>nersromaou</strong></span> <span class='ocrx_word' id='word_1_4' title='bbox 960 757 1042 800; x_wconf 80' lang='lat' dir='ltr'><strong>nour</strong></span> <span class='ocrx_word' id='word_1_5' title='bbox 1059 757 1170 802; x_wconf 76' lang='lat' dir='ltr'><strong>Parni.</strong></span> 
     </span>
    </p>
   </div>
   <div class='ocr_carea' id='block_1_2' title="bbox 380 903 1320 4472">
    <p class='ocr_par' dir='ltr' id='par_1_2' title="bbox 380 903 1320 4472">
     <span class='ocr_line' id='line_1_2' title="bbox 396 903 460 956; baseline -0.031 -13"><span class='ocrx_word' id='word_1_6' title='bbox 396 903 460 956; x_wconf 70' lang='lat' dir='ltr'><strong>spur.</strong></span> 
     </span>
     <span class='ocr_line' id='line_1_3' title="bbox 392 972 1281 1044; baseline 0.003 -20"><span class='ocrx_word' id='word_1_7' title='bbox 392 972 436 1024; x_wconf 88' lang='grc'><strong>33.</strong></span> <span class='ocrx_word' id='word_1_8' title='bbox 454 972 498 1023; x_wconf 81' lang='lat' dir='ltr'><strong>Ad</strong></span> <span class='ocrx_word' id='word_1_9' title='bbox 511 972 670 1025; x_wconf 88' lang='lat' dir='ltr'><strong>Willelmum</strong></span> <span class='ocrx_word' id='word_1_10' title='bbox 683 973 709 1023; x_wconf 93' lang='lat' dir='ltr'>N</span> <span class='ocrx_word' id='word_1_11' title='bbox 711 974 878 1025; x_wconf 79' lang='lat' dir='ltr'><strong>orwicensem</strong></span> <span class='ocrx_word' id='word_1_12' title='bbox 891 973 1223 1044; x_wconf 88' lang='lat' dir='ltr'><strong>episcopum-Multorum</strong></span> <span class='ocrx_word' id='word_1_13' title='bbox 1236 993 1281 1027; x_wconf 85' lang='lat' dir='ltr'><strong>ex·</strong></span> 
     </span>
     <span class='ocr_line' id='line_1_4' title="bbox 533 1060 1244 1113; baseline 0.006 -4"><span class='ocrx_word' id='word_1_14' title='bbox 533 1060 648 1111; x_wconf 85' lang='lat' dir='ltr'><strong>cessibus</strong></span> <span class='ocrx_word' id='word_1_15' title='bbox 662 1096 1244 1113; x_wconf 88' lang='grc'><strong>......</strong></span> 
     </span>
     <span class='ocr_line' id='line_1_5' title="bbox 391 1143 1242 1196; baseline 0.001 -1"><span class='ocrx_word' id='word_1_16' title='bbox 391 1144 434 1195; x_wconf 87' lang='grc'><strong>34.</strong></span> <span class='ocrx_word' id='word_1_17' title='bbox 452 1144 495 1194; x_wconf 84' lang='lat' dir='ltr'><strong>Ad</strong></span> <span class='ocrx_word' id='word_1_18' title='bbox 509 1144 635 1195; x_wconf 80' lang='lat' dir='ltr'><strong>loannem</strong></span> <span class='ocrx_word' id='word_1_19' title='bbox 648 1143 778 1196; x_wconf 83' lang='lat' dir='ltr'><strong>Thesaur.</strong></span> <span class='ocrx_word' id='word_1_20' title='bbox 791 1144 1004 1196; x_wconf 70' lang='lat' dir='ltr'><strong>Eborac-Post</strong></span> <span class='ocrx_word' id='word_1_21' title='bbox 1016 1144 1161 1196; x_wconf 80' lang='lat' dir='ltr'>discessum</span> <span class='ocrx_word' id='word_1_22' title='bbox 1235 1184 1242 1196; x_wconf 88' lang='lat'><strong>.</strong></span> 
     </span>
     <span class='ocr_line' id='line_1_6' title="bbox 392 1229 1244 1284; baseline 0.004 -3"><span class='ocrx_word' id='word_1_23' title='bbox 392 1229 436 1282; x_wconf 93' lang='grc'><strong>35.</strong></span> <span class='ocrx_word' id='word_1_24' title='bbox 459 1265 555 1282; x_wconf 92' lang='grc'><strong>......</strong></span> <span class='ocrx_word' id='word_1_25' title='bbox 560 1230 767 1283; x_wconf 78' lang='lat' dir='ltr'><strong>-Praesenrium</strong></span> <span class='ocrx_word' id='word_1_26' title='bbox 779 1233 949 1284; x_wconf 86' lang='lat' dir='ltr'><strong>attestatione</strong></span> <span class='ocrx_word' id='word_1_27' title='bbox 1003 1268 1010 1282; x_wconf 90' lang='lat'>.</span> <span class='ocrx_word' id='word_1_28' title='bbox 1119 1270 1125 1281; x_wconf 93' lang='lat'>.</span> <span class='ocrx_word' id='word_1_29' title='bbox 1236 1269 1244 1284; x_wconf 90' lang='lat'><strong>.</strong></span> 
     </span>
     <span class='ocr_line' id='line_1_7' title="bbox 391 1313 1126 1388; baseline -0.001 -21"><span class='ocrx_word' id='word_1_30' title='bbox 391 1313 433 1368; x_wconf 92' lang='grc'><strong>36.</strong></span> <span class='ocrx_word' id='word_1_31' title='bbox 452 1316 497 1366; x_wconf 78' lang='lat' dir='ltr'><strong>Ad</strong></span> <span class='ocrx_word' id='word_1_32' title='bbox 510 1313 690 1367; x_wconf 76' lang='lat' dir='ltr'>Alexandrum</span> <span class='ocrx_word' id='word_1_33' title='bbox 703 1315 1000 1388; x_wconf 83' lang='lat' dir='ltr'><strong>Papam—Apostolicae</strong></span> <span class='ocrx_word' id='word_1_34' title='bbox 1012 1317 1083 1368; x_wconf 82' lang='lat' dir='ltr'><strong>sedis</strong></span> <span class='ocrx_word' id='word_1_35' title='bbox 1119 1353 1126 1366; x_wconf 92' lang='lat'>.</span> 
     </span>
     <span class='ocr_line' id='line_1_8' title="bbox 391 1401 1240 1458; baseline 0.002 -6"><span class='ocrx_word' id='word_1_36' title='bbox 391 1401 434 1458; x_wconf 81' lang='lat'><strong>³7.</strong></span> <span class='ocrx_word' id='word_1_37' title='bbox 453 1401 498 1452; x_wconf 86' lang='lat' dir='ltr'><strong>Ad</strong></span> <span class='ocrx_word' id='word_1_38' title='bbox 508 1438 516 1454; x_wconf 92' lang='lat'><strong>.</strong></span> <span class='ocrx_word' id='word_1_39' title='bbox 525 1438 534 1454; x_wconf 89' lang='lat'><strong>.</strong></span> <span class='ocrx_word' id='word_1_40' title='bbox 543 1438 551 1454; x_wconf 92' lang='lat'><strong>.</strong></span> <span class='ocrx_word' id='word_1_41' title='bbox 560 1438 569 1454; x_wconf 89' lang='lat'><strong>.</strong></span> <span class='ocrx_word' id='word_1_42' title='bbox 579 1401 753 1454; x_wconf 87' lang='lat' dir='ltr'><strong>—Pastorum</strong></span> <span class='ocrx_word' id='word_1_43' title='bbox 765 1402 884 1454; x_wconf 85' lang='lat' dir='ltr'><strong>absentia</strong></span> <span class='ocrx_word' id='word_1_44' title='bbox 1003 1443 1009 1453; x_wconf 94' lang='lat'>.</span> <span class='ocrx_word' id='word_1_45' title='bbox 1118 1442 1124 1454; x_wconf 91' lang='lat'>.</span> <span class='ocrx_word' id='word_1_46' title='bbox 1235 1443 1240 1454; x_wconf 90' lang='lat'><em>.</em></span> 
     </span>
     <span class='ocr_line' id='line_1_9' title="bbox 392 1486 1240 1559; baseline 0 -20"><span class='ocrx_word' id='word_1_47' title='bbox 392 1486 436 1539; x_wconf 81' lang='lat'><strong>38.</strong></span> <span class='ocrx_word' id='word_1_48' title='bbox 455 1488 499 1539; x_wconf 82' lang='lat' dir='ltr'><strong>Ad</strong></span> <span class='ocrx_word' id='word_1_49' title='bbox 512 1488 657 1539; x_wconf 87' lang='lat' dir='ltr'><strong>Adrianum</strong></span> <span class='ocrx_word' id='word_1_50' title='bbox 670 1486 927 1559; x_wconf 79' lang='lat' dir='ltr'><strong>Papam-Dilectus</strong></span> <span class='ocrx_word' id='word_1_51' title='bbox 938 1486 1007 1538; x_wconf 86' lang='lat' dir='ltr'><strong>filins</strong></span> <span class='ocrx_word' id='word_1_52' title='bbox 1116 1526 1123 1539; x_wconf 87' lang='lat'><strong>.</strong></span> <span class='ocrx_word' id='word_1_53' title='bbox 1233 1525 1240 1539; x_wconf 90' lang='lat'><strong>.</strong></span> 
     </span>
     <span class='ocr_line' id='line_1_10' title="bbox 393 1572 1242 1644; baseline -0.001 -17"><span class='ocrx_word' id='word_1_54' title='bbox 393 1575 435 1627; x_wconf 85' lang='grc'><strong>39.</strong></span> <span class='ocrx_word' id='word_1_55' title='bbox 454 1574 498 1626; x_wconf 86' lang='lat' dir='ltr'><strong>Ad</strong></span> <span class='ocrx_word' id='word_1_56' title='bbox 511 1573 693 1626; x_wconf 79' lang='lat' dir='ltr'><strong>Alexandrum</strong></span> <span class='ocrx_word' id='word_1_57' title='bbox 708 1572 1016 1644; x_wconf 76' lang='lat' dir='ltr'><strong>Papam-Excellentiae</strong></span> <span class='ocrx_word' id='word_1_58' title='bbox 1027 1575 1178 1627; x_wconf 85' lang='lat' dir='ltr'><strong>sanctitatis</strong></span> <span class='ocrx_word' id='word_1_59' title='bbox 1235 1611 1242 1626; x_wconf 89' lang='lat'><strong>.</strong></span> 
     </span>
     <span class='ocr_line' id='line_1_11' title="bbox 392 1660 1240 1721; baseline -0.002 -9"><span class='ocrx_word' id='word_1_60' title='bbox 392 1660 435 1713; x_wconf 88' lang='grc'><strong>40.</strong></span> <span class='ocrx_word' id='word_1_61' title='bbox 454 1662 497 1712; x_wconf 88' lang='lat' dir='ltr'><strong>Ad</strong></span> <span class='ocrx_word' id='word_1_62' title='bbox 512 1661 748 1721; x_wconf 87' lang='lat' dir='ltr'><strong>eundem-Quum</strong></span> <span class='ocrx_word' id='word_1_63' title='bbox 761 1661 828 1712; x_wconf 88' lang='lat' dir='ltr'><strong>inter</strong></span> <span class='ocrx_word' id='word_1_64' title='bbox 888 1699 894 1710; x_wconf 94' lang='lat'>.</span> <span class='ocrx_word' id='word_1_65' title='bbox 1001 1697 1007 1710; x_wconf 93' lang='lat'><strong><em>.</em></strong></span> <span class='ocrx_word' id='word_1_66' title='bbox 1115 1699 1122 1712; x_wconf 88' lang='lat'><em>.</em></span> <span class='ocrx_word' id='word_1_67' title='bbox 1234 1698 1240 1710; x_wconf 88' lang='lat'><strong>.</strong></span> 
     </span>
     <span class='ocr_line' id='line_1_12' title="bbox 391 1744 1243 1799; baseline 0.001 -2"><span class='ocrx_word' id='word_1_68' title='bbox 391 1744 435 1797; x_wconf 92' lang='grc'><strong>41.</strong></span> <span class='ocrx_word' id='word_1_69' title='bbox 454 1746 499 1797; x_wconf 84' lang='lat' dir='ltr'><strong>Ad</strong></span> <span class='ocrx_word' id='word_1_70' title='bbox 510 1745 777 1799; x_wconf 83' lang='lat' dir='ltr'><strong>eundem-Ecclesia</strong></span> <span class='ocrx_word' id='word_1_71' title='bbox 788 1746 819 1797; x_wconf 85' lang='lat' dir='ltr'><strong>M</strong></span> <span class='ocrx_word' id='word_1_72' title='bbox 821 1745 946 1797; x_wconf 87' lang='lat' dir='ltr'><strong>orinensis</strong></span> <span class='ocrx_word' id='word_1_73' title='bbox 1005 1780 1012 1795; x_wconf 85' lang='lat'><strong>.</strong></span> <span class='ocrx_word' id='word_1_74' title='bbox 1120 1783 1128 1799; x_wconf 93' lang='lat'><strong>.</strong></span> <span class='ocrx_word' id='word_1_75' title='bbox 1236 1782 1243 1798; x_wconf 91' lang='lat'>.</span> 
     </span>
     <span class='ocr_line' id='line_1_13' title="bbox 390 1831 1241 1893; baseline 0.002 -11"><span class='ocrx_word' id='word_1_76' title='bbox 390 1831 435 1883; x_wconf 84' lang='lat'><strong>42.</strong></span> <span class='ocrx_word' id='word_1_77' title='bbox 454 1832 499 1883; x_wconf 88' lang='lat' dir='ltr'><strong>Ad</strong></span> <span class='ocrx_word' id='word_1_78' title='bbox 511 1831 758 1893; x_wconf 86' lang='lat' dir='ltr'><strong>eundem-Quanti</strong></span> <span class='ocrx_word' id='word_1_79' title='bbox 771 1850 813 1883; x_wconf 86' lang='lat' dir='ltr'><strong>me</strong></span> <span class='ocrx_word' id='word_1_80' title='bbox 888 1871 895 1884; x_wconf 88' lang='lat'><em>.</em></span> <span class='ocrx_word' id='word_1_81' title='bbox 1003 1869 1010 1881; x_wconf 88' lang='lat'>.</span> <span class='ocrx_word' id='word_1_82' title='bbox 1119 1870 1125 1883; x_wconf 93' lang='lat'><strong>.</strong></span> <span class='ocrx_word' id='word_1_83' title='bbox 1235 1873 1241 1884; x_wconf 89' lang='lat'><strong>.</strong></span> 
     </span>
     <span class='ocr_line' id='line_1_14' title="bbox 390 1909 1243 1971; baseline -0.001 -3"><span class='ocrx_word' id='word_1_84' title='bbox 390 1918 434 1970; x_wconf 87' lang='grc'><strong>43.</strong></span> <span class='ocrx_word' id='word_1_85' title='bbox 453 1918 498 1968; x_wconf 88' lang='lat' dir='ltr'><strong>Ad</strong></span> <span class='ocrx_word' id='word_1_86' title='bbox 511 1919 644 1971; x_wconf 81' lang='lat' dir='ltr'><strong>Abbatem</strong></span> <span class='ocrx_word' id='word_1_87' title='bbox 656 1917 689 1969; x_wconf 89' lang='lat' dir='ltr'><strong>de</strong></span> <span class='ocrx_word' id='word_1_88' title='bbox 702 1916 909 1969; x_wconf 76' lang='lat' dir='ltr'><strong>Arroasia-Ab</strong></span> <span class='ocrx_word' id='word_1_89' title='bbox 922 1916 1011 1968; x_wconf 83' lang='lat' dir='ltr'>ordine</span> <span class='ocrx_word' id='word_1_90' title='bbox 1119 1955 1126 1968; x_wconf 87' lang='lat'><strong>.</strong></span> <span class='ocrx_word' id='word_1_91' title='bbox 1187 1909 1201 1937; x_wconf 74' lang='lat'><em>⁶</em></span> <span class='ocrx_word' id='word_1_92' title='bbox 1236 1955 1243 1967; x_wconf 88' lang='lat'><strong>.</strong></span> 
     </span>
     <span class='ocr_line' id='line_1_15' title="bbox 389 2000 1240 2070; baseline -0.001 -17"><span class='ocrx_word' id='word_1_93' title='bbox 389 2004 432 2054; x_wconf 91' lang='grc'><strong>44.</strong></span> <span class='ocrx_word' id='word_1_94' title='bbox 452 2003 496 2054; x_wconf 84' lang='lat' dir='ltr'><strong>Ad</strong></span> <span class='ocrx_word' id='word_1_95' title='bbox 510 2000 701 2070; x_wconf 80' lang='lat' dir='ltr'><strong>Regem-illa</strong></span> <span class='ocrx_word' id='word_1_96' title='bbox 713 2009 754 2055; x_wconf 84' lang='lat' dir='ltr'><strong>est</strong></span> <span class='ocrx_word' id='word_1_97' title='bbox 773 2039 1240 2054; x_wconf 91' lang='grc'><strong>.....</strong></span> 
     </span>
     <span class='ocr_line' id='line_1_16' title="bbox 389 2088 1240 2160; baseline 0.001 -21"><span class='ocrx_word' id='word_1_98' title='bbox 389 2089 432 2140; x_wconf 91' lang='grc'><strong>45.</strong></span> <span class='ocrx_word' id='word_1_99' title='bbox 452 2090 497 2141; x_wconf 79' lang='lat' dir='ltr'><strong>Ad</strong></span> <span class='ocrx_word' id='word_1_100' title='bbox 510 2090 630 2142; x_wconf 83' lang='lat' dir='ltr'><strong>Abbates</strong></span> <span class='ocrx_word' id='word_1_101' title='bbox 642 2088 1000 2142; x_wconf 79' lang='lat' dir='ltr'><strong>Waulise-Commonnimus</strong></span> <span class='ocrx_word' id='word_1_102' title='bbox 1012 2090 1124 2160; x_wconf 83' lang='lat' dir='ltr'><strong>scripto.</strong></span> <span class='ocrx_word' id='word_1_103' title='bbox 1234 2127 1240 2140; x_wconf 93' lang='lat'>.</span> 
     </span>
     <span class='ocr_line' id='line_1_17' title="bbox 389 2173 1243 2244; baseline -0.001 -20"><span class='ocrx_word' id='word_1_104' title='bbox 389 2173 432 2225; x_wconf 90' lang='grc'><strong>46.</strong></span> <span class='ocrx_word' id='word_1_105' title='bbox 451 2174 496 2225; x_wconf 88' lang='lat' dir='ltr'><strong>Ad</strong></span> <span class='ocrx_word' id='word_1_106' title='bbox 509 2174 640 2225; x_wconf 76' lang='lat' dir='ltr'><strong>Hilarium</strong></span> <span class='ocrx_word' id='word_1_107' title='bbox 653 2175 763 2226; x_wconf 83' lang='lat' dir='ltr'><strong>Cioestr.</strong></span> <span class='ocrx_word' id='word_1_108' title='bbox 777 2174 1037 2244; x_wconf 73' lang='lat' dir='ltr'><strong>episcopum-Saepe</strong></span> <span class='ocrx_word' id='word_1_109' title='bbox 1048 2173 1154 2241; x_wconf 86' lang='lat' dir='ltr'><strong>quidem</strong></span> <span class='ocrx_word' id='word_1_110' title='bbox 1235 2207 1243 2223; x_wconf 91' lang='lat'><strong>.</strong></span> 
     </span>
     <span class='ocr_line' id='line_1_18' title="bbox 388 2257 1241 2325; baseline 0 -17"><span class='ocrx_word' id='word_1_111' title='bbox 388 2259 431 2314; x_wconf 89' lang='grc'><strong>47.</strong></span> <span class='ocrx_word' id='word_1_112' title='bbox 454 2293 550 2310; x_wconf 91' lang='grc'><strong>......</strong></span> <span class='ocrx_word' id='word_1_113' title='bbox 555 2258 751 2325; x_wconf 85' lang='lat' dir='ltr'><strong>-Suscepimus</strong></span> <span class='ocrx_word' id='word_1_114' title='bbox 763 2257 865 2308; x_wconf 72' lang='lat' dir='ltr'><strong>litteras</strong></span> <span class='ocrx_word' id='word_1_115' title='bbox 886 2295 893 2308; x_wconf 87' lang='lat'>.</span> <span class='ocrx_word' id='word_1_116' title='bbox 1004 2298 1010 2309; x_wconf 91' lang='lat'>.</span> <span class='ocrx_word' id='word_1_117' title='bbox 1118 2296 1125 2308; x_wconf 89' lang='lat'>.</span> <span class='ocrx_word' id='word_1_118' title='bbox 1234 2296 1241 2308; x_wconf 90' lang='lat'><strong><em>.</em></strong></span> 
     </span>
     <span class='ocr_line' id='line_1_19' title="bbox 387 2340 1241 2412; baseline 0 -18"><span class='ocrx_word' id='word_1_119' title='bbox 387 2340 430 2394; x_wconf 84' lang='grc'><strong>48.</strong></span> <span class='ocrx_word' id='word_1_120' title='bbox 449 2342 494 2393; x_wconf 77' lang='lat' dir='ltr'><strong>Ad</strong></span> <span class='ocrx_word' id='word_1_121' title='bbox 508 2342 688 2408; x_wconf 81' lang='lat' dir='ltr'><strong>Regem-Et</strong></span> <span class='ocrx_word' id='word_1_122' title='bbox 699 2343 722 2393; x_wconf 82' lang='lat' dir='ltr'><strong>si</strong></span> <span class='ocrx_word' id='word_1_123' title='bbox 734 2341 842 2412; x_wconf 88' lang='lat' dir='ltr'><strong>propriis</strong></span> <span class='ocrx_word' id='word_1_124' title='bbox 889 2379 896 2394; x_wconf 89' lang='lat'><strong>.</strong></span> <span class='ocrx_word' id='word_1_125' title='bbox 1005 2381 1012 2394; x_wconf 87' lang='lat'><strong>.</strong></span> <span class='ocrx_word' id='word_1_126' title='bbox 1118 2386 1125 2396; x_wconf 86' lang='lat'><em>.</em></span> <span class='ocrx_word' id='word_1_127' title='bbox 1236 2384 1241 2394; x_wconf 95' lang='lat'>.</span> 
     </span>
     <span class='ocr_line' id='line_1_20' title="bbox 389 2426 1240 2495; baseline 0.002 -15"><span class='ocrx_word' id='word_1_128' title='bbox 389 2426 432 2480; x_wconf 86' lang='grc'><strong>49.</strong></span> <span class='ocrx_word' id='word_1_129' title='bbox 450 2428 495 2479; x_wconf 87' lang='lat' dir='ltr'><strong>Ad</strong></span> <span class='ocrx_word' id='word_1_130' title='bbox 509 2427 699 2480; x_wconf 84' lang='lat' dir='ltr'><strong>Cancellarium</strong></span> <span class='ocrx_word' id='word_1_131' title='bbox 711 2427 930 2495; x_wconf 79' lang='lat' dir='ltr'><strong>regis-Gravati</strong></span> <span class='ocrx_word' id='word_1_132' title='bbox 942 2447 1030 2482; x_wconf 85' lang='lat' dir='ltr'><strong>sumus</strong></span> <span class='ocrx_word' id='word_1_133' title='bbox 1116 2466 1123 2479; x_wconf 87' lang='lat'><strong>.</strong></span> <span class='ocrx_word' id='word_1_134' title='bbox 1234 2470 1240 2481; x_wconf 89' lang='lat'><strong>.</strong></span> 
     </span>
     <span class='ocr_line' id='line_1_21' title="bbox 391 2508 1241 2581; baseline 0.004 -18"><span class='ocrx_word' id='word_1_135' title='bbox 391 2511 433 2565; x_wconf 82' lang='lat'><strong>50.</strong></span> <span class='ocrx_word' id='word_1_136' title='bbox 457 2550 553 2568; x_wconf 93' lang='grc'><strong>......</strong></span> <span class='ocrx_word' id='word_1_137' title='bbox 558 2513 714 2578; x_wconf 88' lang='lat' dir='ltr'><strong>-Causam,</strong></span> <span class='ocrx_word' id='word_1_138' title='bbox 727 2531 785 2581; x_wconf 81' lang='lat' dir='ltr'><strong>quoe</strong></span> <span class='ocrx_word' id='word_1_139' title='bbox 888 2551 894 2564; x_wconf 93' lang='lat'>.</span> <span class='ocrx_word' id='word_1_140' title='bbox 1002 2552 1009 2565; x_wconf 87' lang='lat'><strong>.</strong></span> <span class='ocrx_word' id='word_1_141' title='bbox 1118 2553 1124 2564; x_wconf 90' lang='lat'><strong>.</strong></span> <span class='ocrx_word' id='word_1_142' title='bbox 1190 2508 1194 2516; x_wconf 51' lang='lat'><em>²</em></span> <span class='ocrx_word' id='word_1_143' title='bbox 1234 2554 1241 2566; x_wconf 90' lang='lat'><strong><em>.</em></strong></span> 
     </span>
     <span class='ocr_line' id='line_1_22' title="bbox 391 2598 1125 2653; baseline 0 -2"><span class='ocrx_word' id='word_1_144' title='bbox 391 2599 434 2652; x_wconf 88' lang='grc'><strong>51.</strong></span> <span class='ocrx_word' id='word_1_145' title='bbox 457 2636 553 2653; x_wconf 89' lang='grc'><strong>......</strong></span> <span class='ocrx_word' id='word_1_146' title='bbox 557 2599 725 2652; x_wconf 85' lang='lat' dir='ltr'><strong>-lnterdum</strong></span> <span class='ocrx_word' id='word_1_147' title='bbox 737 2598 787 2651; x_wconf 88' lang='lat' dir='ltr'><strong>sibi</strong></span> <span class='ocrx_word' id='word_1_148' title='bbox 888 2637 895 2650; x_wconf 87' lang='lat'>.</span> <span class='ocrx_word' id='word_1_149' title='bbox 1003 2638 1009 2650; x_wconf 90' lang='lat'>.</span> <span class='ocrx_word' id='word_1_150' title='bbox 1118 2638 1125 2651; x_wconf 87' lang='lat'><strong>.</strong></span> 
     </span>
     <span class='ocr_line' id='line_1_23' title="bbox 390 2685 1240 2740; baseline 0.001 -2"><span class='ocrx_word' id='word_1_151' title='bbox 390 2685 433 2739; x_wconf 89' lang='grc'><strong>62.</strong></span> <span class='ocrx_word' id='word_1_152' title='bbox 452 2687 498 2739; x_wconf 81' lang='lat' dir='ltr'><strong>Ad</strong></span> <span class='ocrx_word' id='word_1_153' title='bbox 511 2686 627 2739; x_wconf 89' lang='lat' dir='ltr'><strong>Clericos</strong></span> <span class='ocrx_word' id='word_1_154' title='bbox 640 2687 798 2740; x_wconf 83' lang='lat' dir='ltr'><strong>Exoniensis</strong></span> <span class='ocrx_word' id='word_1_155' title='bbox 810 2686 1038 2740; x_wconf 63' lang='lat' dir='ltr'><strong>ecclesie-Licet</strong></span> <span class='ocrx_word' id='word_1_156' title='bbox 1050 2686 1156 2739; x_wconf 78' lang='lat' dir='ltr'><strong>orbitati</strong></span> <span class='ocrx_word' id='word_1_157' title='bbox 1234 2727 1240 2739; x_wconf 90' lang='lat'>.</span> 
     </span>
     <span class='ocr_line' id='line_1_24' title="bbox 389 2770 1240 2843; baseline 0.002 -19"><span class='ocrx_word' id='word_1_158' title='bbox 389 2772 431 2824; x_wconf 91' lang='grc'><strong>53.</strong></span> <span class='ocrx_word' id='word_1_159' title='bbox 451 2772 496 2824; x_wconf 83' lang='lat' dir='ltr'><strong>Ad</strong></span> <span class='ocrx_word' id='word_1_160' title='bbox 509 2772 689 2825; x_wconf 79' lang='lat' dir='ltr'><strong>Alexandrum</strong></span> <span class='ocrx_word' id='word_1_161' title='bbox 702 2771 1006 2843; x_wconf 84' lang='lat' dir='ltr'><strong>Papam-Venerabilis</strong></span> <span class='ocrx_word' id='word_1_162' title='bbox 1017 2770 1097 2824; x_wconf 82' lang='lat' dir='ltr'><strong>frater</strong></span> <span class='ocrx_word' id='word_1_163' title='bbox 1116 2810 1124 2824; x_wconf 89' lang='lat'><strong>.</strong></span> <span class='ocrx_word' id='word_1_164' title='bbox 1233 2813 1240 2826; x_wconf 93' lang='lat'><strong>.</strong></span> 
     </span>
     <span class='ocr_line' id='line_1_25' title="bbox 388 2859 1240 2929; baseline 0.001 -19"><span class='ocrx_word' id='word_1_165' title='bbox 388 2860 431 2911; x_wconf 83' lang='grc'><strong>54.</strong></span> <span class='ocrx_word' id='word_1_166' title='bbox 450 2859 495 2910; x_wconf 87' lang='lat' dir='ltr'><strong>Ad</strong></span> <span class='ocrx_word' id='word_1_167' title='bbox 508 2859 736 2927; x_wconf 80' lang='lat' dir='ltr'><strong>Regem-Quam</strong></span> <span class='ocrx_word' id='word_1_168' title='bbox 749 2861 792 2929; x_wconf 86' lang='lat' dir='ltr'><strong>pis</strong></span> <span class='ocrx_word' id='word_1_169' title='bbox 881 2897 887 2910; x_wconf 87' lang='lat'>.</span> <span class='ocrx_word' id='word_1_170' title='bbox 997 2893 1004 2909; x_wconf 87' lang='lat'>.</span> <span class='ocrx_word' id='word_1_171' title='bbox 1113 2897 1120 2910; x_wconf 91' lang='lat'><strong>.</strong></span> <span class='ocrx_word' id='word_1_172' title='bbox 1233 2899 1240 2911; x_wconf 90' lang='lat'><strong><em>.</em></strong></span> 
     </span>
     <span class='ocr_line' id='line_1_26' title="bbox 389 2943 1240 3016; baseline 0.002 -20"><span class='ocrx_word' id='word_1_173' title='bbox 389 2945 423 2996; x_wconf 88' lang='grc'><strong>55</strong></span> <span class='ocrx_word' id='word_1_174' title='bbox 451 2946 496 2997; x_wconf 83' lang='lat' dir='ltr'><strong>Ad</strong></span> <span class='ocrx_word' id='word_1_175' title='bbox 511 2945 658 2998; x_wconf 81' lang='lat' dir='ltr'><strong>Walterum</strong></span> <span class='ocrx_word' id='word_1_176' title='bbox 671 2944 742 2997; x_wconf 78' lang='lat' dir='ltr'><strong>Roff.</strong></span> <span class='ocrx_word' id='word_1_177' title='bbox 756 2943 1123 3016; x_wconf 73' lang='lat' dir='ltr'><strong>Epioe-Graviteroffendit</strong></span> <span class='ocrx_word' id='word_1_178' title='bbox 1234 2985 1240 2998; x_wconf 87' lang='lat'>.</span> 
     </span>
     <span class='ocr_line' id='line_1_27' title="bbox 388 3030 1238 3103; baseline 0.001 -20"><span class='ocrx_word' id='word_1_179' title='bbox 388 3032 430 3084; x_wconf 82' lang='grc'><strong>56.</strong></span> <span class='ocrx_word' id='word_1_180' title='bbox 450 3032 495 3083; x_wconf 86' lang='lat' dir='ltr'><strong>Ad</strong></span> <span class='ocrx_word' id='word_1_181' title='bbox 508 3031 534 3083; x_wconf 89' lang='lat' dir='ltr'>N</span> <span class='ocrx_word' id='word_1_182' title='bbox 537 3032 645 3101; x_wconf 81' lang='lat' dir='ltr'><strong>igellum</strong></span> <span class='ocrx_word' id='word_1_183' title='bbox 658 3031 793 3084; x_wconf 83' lang='lat' dir='ltr'><strong>Eliensem</strong></span> <span class='ocrx_word' id='word_1_184' title='bbox 806 3030 1059 3103; x_wconf 88' lang='lat' dir='ltr'><strong>Episcopum-Nos</strong></span> <span class='ocrx_word' id='word_1_185' title='bbox 1069 3049 1146 3103; x_wconf 78' lang='lat' dir='ltr'><strong>super</strong></span> <span class='ocrx_word' id='word_1_186' title='bbox 1230 3069 1238 3084; x_wconf 90' lang='lat'>.</span> 
     </span>
     <span class='ocr_line' id='line_1_28' title="bbox 388 3115 1238 3189; baseline 0 -20"><span class='ocrx_word' id='word_1_187' title='bbox 388 3116 431 3173; x_wconf 83' lang='grc'><strong>57.</strong></span> <span class='ocrx_word' id='word_1_188' title='bbox 454 3154 550 3170; x_wconf 88' lang='grc'><strong>......</strong></span> <span class='ocrx_word' id='word_1_189' title='bbox 555 3118 719 3189; x_wconf 85' lang='lat' dir='ltr'><strong>-Supremis</strong></span> <span class='ocrx_word' id='word_1_190' title='bbox 732 3115 907 3169; x_wconf 87' lang='lat' dir='ltr'><strong>deficientium</strong></span> <span class='ocrx_word' id='word_1_191' title='bbox 1000 3152 1007 3167; x_wconf 85' lang='lat'><strong>.</strong></span> <span class='ocrx_word' id='word_1_192' title='bbox 1115 3156 1121 3168; x_wconf 92' lang='lat'><strong>.</strong></span> <span class='ocrx_word' id='word_1_193' title='bbox 1231 3157 1238 3169; x_wconf 88' lang='lat'>.</span> 
     </span>
     <span class='ocr_line' id='line_1_29' title="bbox 387 3201 1238 3274; baseline 0.001 -20"><span class='ocrx_word' id='word_1_194' title='bbox 387 3201 429 3254; x_wconf 77' lang='lat'><strong>58.</strong></span> <span class='ocrx_word' id='word_1_195' title='bbox 449 3203 494 3254; x_wconf 83' lang='lat' dir='ltr'><strong>Ad</strong></span> <span class='ocrx_word' id='word_1_196' title='bbox 511 3203 649 3256; x_wconf 85' lang='lat' dir='ltr'><strong>Ricardum</strong></span> <span class='ocrx_word' id='word_1_197' title='bbox 662 3203 781 3255; x_wconf 87' lang='lat' dir='ltr'><strong>London.</strong></span> <span class='ocrx_word' id='word_1_198' title='bbox 794 3202 1056 3274; x_wconf 77' lang='lat' dir='ltr'><strong>Episcopum-Ques</strong></span> <span class='ocrx_word' id='word_1_199' title='bbox 1067 3212 1167 3256; x_wconf 85' lang='lat' dir='ltr'><strong>rectum</strong></span> <span class='ocrx_word' id='word_1_200' title='bbox 1232 3242 1238 3255; x_wconf 93' lang='lat'><strong>.</strong></span> 
     </span>
     <span class='ocr_line' id='line_1_30' title="bbox 387 3288 1280 3354; baseline 0.003 -14"><span class='ocrx_word' id='word_1_201' title='bbox 387 3288 430 3340; x_wconf 81' lang='grc'><strong>59.</strong></span> <span class='ocrx_word' id='word_1_202' title='bbox 448 3290 494 3341; x_wconf 78' lang='lat' dir='ltr'><strong>Ad</strong></span> <span class='ocrx_word' id='word_1_203' title='bbox 508 3288 668 3341; x_wconf 79' lang='lat' dir='ltr'><strong>Rmdulfum</strong></span> <span class='ocrx_word' id='word_1_204' title='bbox 680 3289 713 3341; x_wconf 87' lang='lat' dir='ltr'><strong>dc</strong></span> <span class='ocrx_word' id='word_1_205' title='bbox 727 3291 820 3354; x_wconf 84' lang='lat' dir='ltr'><strong>Serris,</strong></span> <span class='ocrx_word' id='word_1_206' title='bbox 833 3290 866 3341; x_wconf 86' lang='lat' dir='ltr'><strong>de</strong></span> <span class='ocrx_word' id='word_1_207' title='bbox 878 3288 1003 3341; x_wconf 76' lang='lat' dir='ltr'><strong>electione</strong></span> <span class='ocrx_word' id='word_1_208' title='bbox 1017 3290 1130 3342; x_wconf 85' lang='lat' dir='ltr'><strong>Romani</strong></span> <span class='ocrx_word' id='word_1_209' title='bbox 1144 3290 1280 3343; x_wconf 81' lang='lat' dir='ltr'><strong>Pontificis</strong></span> 
     </span>
     <span class='ocr_line' id='line_1_31' title="bbox 562 3374 1320 3442; baseline 0.003 -16"><span class='ocrx_word' id='word_1_210' title='bbox 562 3374 932 3442; x_wconf 77' lang='lat' dir='ltr'><strong>Alexandri-Augustiarum</strong></span> <span class='ocrx_word' id='word_1_211' title='bbox 943 3381 1097 3437; x_wconf 84' lang='lat' dir='ltr'><strong>nostrarum,</strong></span> <span class='ocrx_word' id='word_1_212' title='bbox 1114 3413 1121 3428; x_wconf 89' lang='lat'><strong>.</strong></span> <span class='ocrx_word' id='word_1_213' title='bbox 1230 3415 1236 3427; x_wconf 94' lang='lat'>.</span> <span class='ocrx_word' id='word_1_214' title='bbox 1315 3378 1320 3389; x_wconf 91' lang='lat'>&#39;</span> 
     </span>
     <span class='ocr_line' id='line_1_32' title="bbox 387 3461 1233 3533; baseline 0 -19"><span class='ocrx_word' id='word_1_215' title='bbox 387 3461 429 3514; x_wconf 90' lang='grc'><strong>60.</strong></span> <span class='ocrx_word' id='word_1_216' title='bbox 453 3498 551 3515; x_wconf 91' lang='grc'><strong>......</strong></span> <span class='ocrx_word' id='word_1_217' title='bbox 556 3461 681 3514; x_wconf 87' lang='lat' dir='ltr'><strong>-Solent</strong></span> <span class='ocrx_word' id='word_1_218' title='bbox 692 3463 857 3533; x_wconf 81' lang='lat' dir='ltr'><strong>pigmentarii</strong></span> <span class='ocrx_word' id='word_1_219' title='bbox 882 3501 888 3514; x_wconf 89' lang='lat'><strong>.</strong></span> <span class='ocrx_word' id='word_1_220' title='bbox 995 3501 1002 3514; x_wconf 90' lang='lat'>.</span> <span class='ocrx_word' id='word_1_221' title='bbox 1110 3500 1118 3514; x_wconf 88' lang='lat'><strong>.</strong></span> <span class='ocrx_word' id='word_1_222' title='bbox 1226 3500 1233 3514; x_wconf 88' lang='lat'><strong><em>.</em></strong></span> 
     </span>
     <span class='ocr_line' id='line_1_33' title="bbox 384 3546 1234 3622; baseline -0.001 -22"><span class='ocrx_word' id='word_1_223' title='bbox 384 3546 426 3600; x_wconf 89' lang='grc'><strong>61.</strong></span> <span class='ocrx_word' id='word_1_224' title='bbox 446 3548 491 3599; x_wconf 89' lang='lat' dir='ltr'><strong>Ad</strong></span> <span class='ocrx_word' id='word_1_225' title='bbox 505 3548 610 3614; x_wconf 82' lang='lat' dir='ltr'><strong>Regem</strong></span> <span class='ocrx_word' id='word_1_226' title='bbox 627 3548 978 3622; x_wconf 82' lang='lat' dir='ltr'><strong>Henricum-Majestatem</strong></span> <span class='ocrx_word' id='word_1_227' title='bbox 990 3549 1091 3616; x_wconf 77' lang='lat' dir='ltr'><strong>regiam</strong></span> <span class='ocrx_word' id='word_1_228' title='bbox 1110 3588 1117 3599; x_wconf 92' lang='lat'><em>.</em></span> <span class='ocrx_word' id='word_1_229' title='bbox 1226 3585 1234 3599; x_wconf 90' lang='lat'><strong>.</strong></span> 
     </span>
     <span class='ocr_line' id='line_1_34' title="bbox 384 3630 1234 3704; baseline -0.002 -18"><span class='ocrx_word' id='word_1_230' title='bbox 384 3633 427 3686; x_wconf 88' lang='grc'><strong>62.</strong></span> <span class='ocrx_word' id='word_1_231' title='bbox 446 3633 491 3685; x_wconf 80' lang='lat' dir='ltr'><strong>Ad</strong></span> <span class='ocrx_word' id='word_1_232' title='bbox 505 3633 609 3699; x_wconf 80' lang='lat' dir='ltr'><strong>Regem</strong></span> <span class='ocrx_word' id='word_1_233' title='bbox 623 3630 897 3685; x_wconf 86' lang='lat' dir='ltr'><strong>Heuricum-Virtus</strong></span> <span class='ocrx_word' id='word_1_234' title='bbox 909 3633 1051 3704; x_wconf 82' lang='lat' dir='ltr'><strong>principum</strong></span> <span class='ocrx_word' id='word_1_235' title='bbox 1111 3670 1117 3683; x_wconf 93' lang='lat'><strong>.</strong></span> <span class='ocrx_word' id='word_1_236' title='bbox 1227 3671 1234 3684; x_wconf 87' lang='lat'><strong>.</strong></span> 
     </span>
     <span class='ocr_line' id='line_1_35' title="bbox 385 3716 766 3778; baseline -0.013 -5"><span class='ocrx_word' id='word_1_237' title='bbox 385 3720 427 3773; x_wconf 93' lang='grc'><strong>63.</strong></span> <span class='ocrx_word' id='word_1_238' title='bbox 447 3719 490 3770; x_wconf 86' lang='lat' dir='ltr'><strong>Ad</strong></span> <span class='ocrx_word' id='word_1_239' title='bbox 503 3716 703 3778; x_wconf 88' lang='lat' dir='ltr'><strong>eundem-Qui</strong></span> <span class='ocrx_word' id='word_1_240' title='bbox 715 3734 766 3769; x_wconf 91' lang='lat' dir='ltr'><strong>non</strong></span> 
     </span>
     <span class='ocr_line' id='line_1_36' title="bbox 385 3802 1117 3856; baseline -0.005 0"><span class='ocrx_word' id='word_1_241' title='bbox 385 3803 429 3856; x_wconf 88' lang='grc'><strong>64.</strong></span> <span class='ocrx_word' id='word_1_242' title='bbox 446 3804 491 3855; x_wconf 87' lang='lat' dir='ltr'><strong>Ad</strong></span> <span class='ocrx_word' id='word_1_243' title='bbox 504 3802 685 3856; x_wconf 88' lang='lat' dir='ltr'><strong>eundem-ln</strong></span> <span class='ocrx_word' id='word_1_244' title='bbox 698 3819 729 3854; x_wconf 89' lang='lat' dir='ltr'><strong>eo</strong></span> <span class='ocrx_word' id='word_1_245' title='bbox 741 3804 855 3855; x_wconf 86' lang='lat' dir='ltr'><strong>maxime</strong></span> <span class='ocrx_word' id='word_1_246' title='bbox 883 3838 890 3851; x_wconf 89' lang='lat'><strong>.</strong></span> <span class='ocrx_word' id='word_1_247' title='bbox 997 3837 1005 3851; x_wconf 87' lang='lat'><strong>.</strong></span> <span class='ocrx_word' id='word_1_248' title='bbox 1110 3835 1117 3852; x_wconf 92' lang='lat'><strong>.</strong></span> 
     </span>
     <span class='ocr_line' id='line_1_37' title="bbox 383 3886 1233 3941; baseline -0.004 -1"><span class='ocrx_word' id='word_1_249' title='bbox 383 3888 439 3940; x_wconf 77' lang='lat'><strong>64⁶.</strong></span> <span class='ocrx_word' id='word_1_250' title='bbox 457 3889 503 3940; x_wconf 76' lang='lat' dir='ltr'><strong>Ad</strong></span> <span class='ocrx_word' id='word_1_251' title='bbox 515 3889 745 3941; x_wconf 85' lang='lat' dir='ltr'><strong>eundem-Amor</strong></span> <span class='ocrx_word' id='word_1_252' title='bbox 755 3886 878 3939; x_wconf 89' lang='lat' dir='ltr'><strong>fiduciam</strong></span> <span class='ocrx_word' id='word_1_253' title='bbox 997 3924 1003 3940; x_wconf 86' lang='lat'>.</span> <span class='ocrx_word' id='word_1_254' title='bbox 1111 3925 1117 3937; x_wconf 93' lang='lat'><em>.</em></span> <span class='ocrx_word' id='word_1_255' title='bbox 1227 3926 1233 3937; x_wconf 93' lang='lat'><strong>.</strong></span> 
     </span>
     <span class='ocr_line' id='line_1_38' title="bbox 381 3971 1232 4041; baseline -0.005 -15"><span class='ocrx_word' id='word_1_256' title='bbox 381 3973 451 4026; x_wconf 81' lang='grc'><strong>64“.</strong></span> <span class='ocrx_word' id='word_1_257' title='bbox 470 3973 515 4024; x_wconf 83' lang='lat' dir='ltr'><strong>Ad</strong></span> <span class='ocrx_word' id='word_1_258' title='bbox 528 3974 824 4041; x_wconf 78' lang='lat' dir='ltr'><strong>eundem-Numquam</strong></span> <span class='ocrx_word' id='word_1_259' title='bbox 836 3971 949 4025; x_wconf 80' lang='lat' dir='ltr'><strong>satisfiet</strong></span> <span class='ocrx_word' id='word_1_260' title='bbox 995 4010 1001 4022; x_wconf 92' lang='lat'><strong><em>.</em></strong></span> <span class='ocrx_word' id='word_1_261' title='bbox 1109 4009 1117 4023; x_wconf 88' lang='lat'><strong>.</strong></span> <span class='ocrx_word' id='word_1_262' title='bbox 1226 4010 1232 4022; x_wconf 92' lang='lat'><strong>.</strong></span> 
     </span>
     <span class='ocr_line' id='line_1_39' title="bbox 382 4058 1119 4131; baseline -0.005 -19"><span class='ocrx_word' id='word_1_263' title='bbox 382 4061 424 4112; x_wconf 90' lang='grc'><strong>65.</strong></span> <span class='ocrx_word' id='word_1_264' title='bbox 443 4060 488 4111; x_wconf 79' lang='lat' dir='ltr'><strong>Ad</strong></span> <span class='ocrx_word' id='word_1_265' title='bbox 502 4058 643 4130; x_wconf 81' lang='lat' dir='ltr'><strong>Episcopus</strong></span> <span class='ocrx_word' id='word_1_266' title='bbox 656 4058 927 4131; x_wconf 78' lang='lat' dir='ltr'><strong>Angliae-Expetiit.</strong></span> <span class='ocrx_word' id='word_1_267' title='bbox 940 4065 969 4110; x_wconf 91' lang='lat' dir='ltr'><strong>ut</strong></span> <span class='ocrx_word' id='word_1_268' title='bbox 997 4095 1004 4109; x_wconf 91' lang='lat'><em>.</em></span> <span class='ocrx_word' id='word_1_269' title='bbox 1113 4096 1119 4108; x_wconf 91' lang='lat'><strong><em>.</em></strong></span> 
     </span>
     <span class='ocr_line' id='line_1_40' title="bbox 380 4142 1117 4209; baseline -0.008 -12"><span class='ocrx_word' id='word_1_270' title='bbox 380 4143 423 4197; x_wconf 84' lang='grc'><strong>66.</strong></span> <span class='ocrx_word' id='word_1_271' title='bbox 442 4142 487 4195; x_wconf 76' lang='lat' dir='ltr'><strong>Ad</strong></span> <span class='ocrx_word' id='word_1_272' title='bbox 500 4142 604 4209; x_wconf 81' lang='lat' dir='ltr'><strong>Regem</strong></span> <span class='ocrx_word' id='word_1_273' title='bbox 619 4143 842 4197; x_wconf 83' lang='lat' dir='ltr'><strong>Henrieum-Ex</strong></span> <span class='ocrx_word' id='word_1_274' title='bbox 854 4142 950 4195; x_wconf 84' lang='lat' dir='ltr'><strong>litteris</strong></span> <span class='ocrx_word' id='word_1_275' title='bbox 993 4179 1000 4193; x_wconf 95' lang='lat'><strong>.</strong></span> <span class='ocrx_word' id='word_1_276' title='bbox 1110 4179 1117 4191; x_wconf 89' lang='lat'>.</span> 
     </span>
     <span class='ocr_line' id='line_1_41' title="bbox 381 4230 1231 4288; baseline -0.007 -4"><span class='ocrx_word' id='word_1_277' title='bbox 381 4230 425 4288; x_wconf 77' lang='lat'><strong>57.</strong></span> <span class='ocrx_word' id='word_1_278' title='bbox 446 4265 542 4283; x_wconf 78' lang='grc'><strong>......</strong></span> <span class='ocrx_word' id='word_1_279' title='bbox 546 4230 624 4282; x_wconf 87' lang='lat' dir='ltr'><strong>-Ex</strong></span> <span class='ocrx_word' id='word_1_280' title='bbox 635 4230 785 4282; x_wconf 87' lang='lat' dir='ltr'><strong>testimonio</strong></span> <span class='ocrx_word' id='word_1_281' title='bbox 878 4265 884 4280; x_wconf 90' lang='lat'><strong>.</strong></span> <span class='ocrx_word' id='word_1_282' title='bbox 992 4264 999 4279; x_wconf 87' lang='lat'><strong>.</strong></span> <span class='ocrx_word' id='word_1_283' title='bbox 1109 4268 1115 4279; x_wconf 91' lang='lat'><em>.</em></span> <span class='ocrx_word' id='word_1_284' title='bbox 1225 4266 1231 4278; x_wconf 89' lang='lat'><strong>.</strong></span> 
     </span>
     <span class='ocr_line' id='line_1_42' title="bbox 382 4315 884 4369; baseline -0.008 -1"><span class='ocrx_word' id='word_1_285' title='bbox 382 4315 424 4368; x_wconf 85' lang='grc'><strong>68.</strong></span> <span class='ocrx_word' id='word_1_286' title='bbox 447 4351 543 4369; x_wconf 88' lang='grc'><strong>......</strong></span> <span class='ocrx_word' id='word_1_287' title='bbox 547 4315 706 4368; x_wconf 84' lang='lat' dir='ltr'><strong>-Caritatis</strong></span> <span class='ocrx_word' id='word_1_288' title='bbox 718 4315 789 4369; x_wconf 88' lang='lat' dir='ltr'><strong>zelus</strong></span> <span class='ocrx_word' id='word_1_289' title='bbox 878 4353 884 4364; x_wconf 94' lang='lat'>.</span> 
     </span>
     <span class='ocr_line' id='line_1_43' title="bbox 380 4399 1231 4472; baseline 0 -21"><span class='ocrx_word' id='word_1_290' title='bbox 380 4399 423 4454; x_wconf 82' lang='grc'><strong>63.</strong></span> <span class='ocrx_word' id='word_1_291' title='bbox 442 4402 486 4453; x_wconf 78' lang='lat' dir='ltr'><strong>Ao</strong></span> <span class='ocrx_word' id='word_1_292' title='bbox 500 4402 654 4472; x_wconf 73' lang='lat' dir='ltr'><strong>Episcopum</strong></span> <span class='ocrx_word' id='word_1_293' title='bbox 665 4400 933 4462; x_wconf 79' lang='lat' dir='ltr'><strong>Cestrensem-Quae</strong></span> <span class='ocrx_word' id='word_1_294' title='bbox 945 4402 1112 4470; x_wconf 73' lang='lat' dir='ltr'><strong>perniciosius</strong></span> <span class='ocrx_word' id='word_1_295' title='bbox 1223 4435 1231 4452; x_wconf 85' lang='lat'>.</span> 
     </span>
    </p>
   </div>
   <div class='ocr_carea' id='block_1_3' title="bbox 0 0 1522 5500">
    <p class='ocr_par' dir='ltr' id='par_1_3' title="bbox 0 0 1522 5500">
     <span class='ocr_line' id='line_1_44' title="bbox 0 0 1522 5500; baseline 0 4"><span class='ocrx_word' id='word_1_296' title='bbox 0 0 1522 5500; x_wconf 95' lang='lat' dir='ltr'><strong> </strong></span> 
     </span>
    </p>
   </div>
  </div>
 </body>
</html>
