3034 5500
407 771 449 827 ³4
666 782 806 826 Joassrs
820 782 1102 826 mmnmussts
1277 763 1322 842 [a.
1341 782 1369 826 n.

411 967 639 1031 EPIS'FOLA
664 963 913 1030 xxxii-u>
926 986 1085 1030 massari
1101 983 1368 1030 rnnsrnnutmu

738 1087 1034 1132 eorummet.

586 1185 714 1248 loanni
727 1186 935 1247 rtmumrto
950 1185 1200 1248 Cantauriensr'.

457 1302 566 1368 lucar
589 1317 695 1365 restro
716 1303 775 1365 sim
798 1302 938 1365 offensus
959 1301 1097 1381 silentio,
1124 1300 1247 1365 amicos
1270 1316 1370 1366 tamen

412 1404 770 1489 alioqnorreiod'ensus.
787 1402 1373 1489 Alloquorquidem,sedaiiosermone

414 1529 513 1591 quam
533 1508 730 1593 negligentia
751 1524 858 1569 restra
877 1506 1040 1569 meruerit.
1087 1504 1240 1570 Fueratis
1261 1505 1374 1570 etenim

414 1605 456 1669 de
481 1607 692 1671 immoderato
713 1606 840 1670 silentio
866 1604 1073 1690 objurgandi,
1098 1603 1154 1668 sed
1178 1604 1375 1690 indignantis

416 1706 566 1794 spiritum
592 1707 783 1772 venerabilis
817 1722 909 1791 pater
944 1704 1030 1770 Rod.
1060 1705 1247 1790 Episcopus
1278 1707 1374 1770 sancti

416 1809 555 1874 Andreae
569 1810 723 1888 cohibuit,
733 1832 899 1894 personam
912 1830 1002 1870 suam
1012 1822 1044 1870 et
1059 1829 1192 1871 causam
1209 1807 1374 1872 industriae

416 1927 532 1972 restrae
542 1911 756 1974 commendari
771 1910 968 1973 desiderum:
994 1924 1088 1973 vexat
1100 1931 1176 1972 eum
1188 1911 1293 1974 abbas
1306 1909 1374 1974 cat·

417 2011 549 2084 mensis,
564 2009 801 2097 Aeephaiorum
813 2025 1002 2095 prorooatus
1013 2009 1174 2095 exemplo,
1183 2025 1217 2075 et
1227 2034 1287 2097 per
1297 2012 1373 2075 riam

417 2108 642 2174 inobedientiae
670 2134 767 2196 quam
799 2112 952 2175 Christus
981 2112 1120 2196 ignorat,
1147 2112 1315 2198 quandam
1345 2113 1376 2177 li-

417 2213 551 2276 bertatis
561 2214 731 2298 imaginem
747 2214 991 2300 apprehendens
1004 2214 1046 2277 ad
1061 2216 1255 2300 episcopalis
1270 2229 1376 2280 aucto-

418 2314 523 2378 ritatis
552 2314 743 2400 parilitatem
771 2315 920 2401 assurgit.
967 2316 1121 2401 Episcopi
1146 2337 1225 2379 vero
1250 2339 1375 2381 oausun

421 2417 513 2480 robis
545 2432 637 2501 pater
667 2419 908 2482 Cantuariensis
936 2418 1152 2493 commendat,
1182 2431 1216 2482 et
1245 2443 1319 2505 ego,
1347 2432 1376 2482 et

419 2541 515 2604 quem
531 2533 733 2584 oontemnere
747 2542 810 2583 non
833 2520 1007 2593 audebitis,
1029 2519 1160 2584 bumiiis
1174 2522 1375 2586 commendat

417 2635 449 2683 et
460 2623 583 2707 justus,
595 2621 745 2687 Christus
757 2622 917 2685 Dominus
927 2645 1041 2686 nomen
1052 2622 1110 2687 itti.
1142 2622 1270 2688 Silentii
1283 2622 1374 2687 vestri

419 2723 533 2789 vitium
548 2723 752 2812 aliquatenus
766 2725 798 2790 in
808 2726 948 2813 episoopi
963 2750 1060 2790 causa
1075 2726 1286 2812 purgabitur,
1301 2727 1374 2791 dum

418 2839 524 2891 tamen
539 2824 635 2912 culpa
645 2826 829 2911 praeoedeus
839 2828 1078 2891 oontinuatione
1089 2828 1140 2890 sui
1157 2850 1221 2891 non
1234 2842 1376 2894 vertatur

418 2929 450 2991 in
479 2928 607 2992 crimen
653 2930 687 2994 Si
710 2952 787 2994 rero
807 2927 946 3015 amplius
969 2928 1132 3002 silueritis,
1155 2951 1220 2993 non
1243 2931 1377 2995 credatis

418 3029 510 3092 robis
531 3053 599 3093 ease
622 3031 840 3115 paroendum:
875 3031 953 3118 quia
977 3032 1034 3117 qui
1066 3054 1152 3095 nunc
1178 3034 1292 3097 amicis
1317 3056 1376 3097 non

420 3129 504 3194 datis
519 3130 631 3210 rerba,
650 3132 915 3216 extorquebimus
935 3137 985 3198 rel
1008 3133 1149 3196 verbera.
1196 3136 1303 3221 Apud
1325 3158 1378 3199 nos

422 3230 501 3294 nihil
531 3243 580 3294 est
615 3232 814 3308 innovatum,
844 3235 905 3299 nisi
934 3236 1023 3321 quod
1053 3234 1204 3303 dominus
1241 3237 1379 3304 Eliensir

422 3332 574 3397 mandato
589 3333 710 3397 domini
734 3332 868 3399 Bosonis
888 3337 1054 3413 satisfecit,
1069 3336 1153 3403 sicut
1169 3340 1228 3418 iili,
1242 3354 1276 3405 et
1292 3340 1379 3406 vobis

421 3434 561 3499 secundo
569 3436 638 3523 jam
655 3438 777 3524 scripsi,

421 3625 642 3689 EPISTOLA
667 3623 943 3688 xxxiii—,ao
959 3644 1168 3691 musam
1185 3646 1379 3694 nomm·

757 3747 824 3791 amr
842 3746 1040 3793 umsoonuu.

629 3855 783 3917 mumma
799 3855 1170 3937 n'orotoempucopo.

465 3983 665 4045 Munronnit
677 3982 858 4045 excessibus
867 3983 951 4045 riam
963 3982 1079 4067 aperit,
1089 3981 1147 4068 qui
1159 3984 1377 4070 subjectorum

421 4078 628 4143 dissimulatis
655 4082 828 4161 erroribus,
856 4084 884 4146 ei
918 4096 1051 4169 praestnt
1081 4084 1249 4149 audaciam
1280 4086 1380 4151 delin-

420 4178 552 4266 quendi.
598 4181 648 4244 Tu
678 4192 785 4244 autem
809 4183 841 4244 in
864 4182 1012 4265 injuriam
1036 4184 1122 4248 sedis
1142 4186 1329 4271 apostolicae
1348 4198 1378 4250 et

419 4292 636 4365 oontemptum
653 4294 796 4347 nostrum
815 4287 958 4368 graviter
982 4285 1098 4348 diceris
1122 4286 1311 4373 deliquisse,
1325 4285 1377 4373 qni

418 4397 586 4471 postquam
602 4384 644 4449 ad
662 4408 719 4449 nos
744 4408 843 4471 super
868 4409 977 4466 causa,
991 4409 1067 4472 quae
1083 4386 1273 4452 vertebatur
1297 4391 1377 4454 inter
