3034 5500
286 749 345 808 iss
535 755 671 801 ioannis
687 750 965 797 ssnssnssrsnsrs
1135 733 1180 812 [s.
1198 752 1225 795 n.

279 925 385 976 autem
406 905 546 972 articulis
569 904 629 967 sibi
652 903 774 988 copiam
798 900 926 964 testium
950 923 1018 965 esse
1040 899 1178 978 dicebat,
1192 914 1224 964 ut

279 1034 336 1077 nec
351 1011 391 1075 de
414 1007 615 1073 matrimonio
638 1004 727 1089 prius
750 1015 926 1078 contracto,
942 1024 1000 1065 nec
1022 1001 1063 1065 de
1086 1001 1228 1086 interpel-

278 1115 395 1179 latione
410 1109 571 1196 seqnentis
582 1103 795 1179 contubernii,
807 1123 865 1164 nec
880 1102 920 1165 de
935 1102 1077 1166 divortio
1087 1101 1227 1166 anonice

277 1215 437 1280 celebrato
466 1211 638 1296 quisquam
673 1206 774 1292 possit
804 1204 975 1289 ambigere.
1023 1206 1070 1268 Et
1104 1203 1227 1290 quidem

279 1336 378 1400 quum
395 1336 455 1398 pro
469 1334 501 1374 se
518 1310 657 1394 plurima
671 1306 834 1389 allegaret,
851 1304 989 1368 maxime
1012 1306 1058 1367 rei
1077 1304 1227 1388 judicata

279 1415 444 1479 insistebat
460 1409 605 1484 articulo,
618 1421 649 1470 et
665 1405 840 1479 sententiae,
853 1427 948 1488 qnam
963 1406 996 1468 in
1010 1405 1136 1490 synodo
1152 1407 1228 1468 Ion·

279 1515 426 1579 doniensi
448 1511 504 1575 nbi
527 1509 700 1573 divortium
718 1506 923 1579 celebratum,
939 1518 972 1569 et
993 1505 1151 1569 adsersus
1172 1528 1230 1568 ma·

281 1631 361 1682 trem
385 1613 529 1678 Mabiliae
551 1634 571 1674 s
592 1609 721 1672 domino
741 1607 956 1672 Wintoniensi
977 1619 1056 1670 tunc
1072 1606 1189 1692 legato,
1201 1621 1230 1670 et

282 1713 511 1782 Londoniensis
539 1708 678 1776 ecclesiae
707 1709 824 1773 vicario
862 1708 958 1772 latam
996 1731 1065 1772 esse
1099 1708 1229 1772 dicebat

282 1817 440 1882 Produxit
456 1816 551 1880 etiam
567 1825 663 1877 testes
686 1832 767 1897 quos
788 1810 888 1873 eidem
906 1809 1029 1894 synodo
1042 1824 1077 1874 et
1097 1809 1231 1874 divortio

281 1918 463 1982 interfuisse
478 1913 623 1979 asseruit.
662 1913 745 1988 Quia
759 1932 835 1993 ergo
849 1911 940 1974 liberi
956 1911 1011 1996 qui
1027 1932 1068 1974 ex
1084 1911 1231 1975 damnato

281 2031 313 2083 et
335 2018 447 2081 illicito
468 2015 564 2088 coitu,
588 2036 642 2076 seu
665 2036 707 2077 ex
732 2012 833 2075 effusa
854 2013 1110 2098 eoncupiscentia
1136 2013 1231 2098 geniti

281 2131 357 2182 sunt
372 2117 413 2180 ab
424 2114 525 2178 omnis
539 2135 671 2198 prorsus
686 2112 882 2176 haereditatis
894 2113 1047 2176 beneficio
1058 2112 1232 2177 exeludun-

282 2232 488 2303 tunsasque
514 2236 571 2277 nec
597 2215 674 2298 jura
701 2214 818 2292 civilia,
844 2236 901 2276 nec
930 2213 1017 2300 leges
1046 2228 1233 2300 agnoscunt,

281 2338 502 2401 canonumque
523 2314 603 2377 adeo
628 2314 789 2398 improbat
811 2313 914 2398 sigor,
936 2328 972 2379 ut
998 2336 1060 2380 nec
1086 2315 1233 2380 alimenta

281 2419 441 2492 decernat,
458 2414 512 2480 sed
529 2413 768 2500 quodammodo
784 2413 853 2500 juri
872 2414 959 2501 quod
983 2416 1040 2479 illa
1063 2417 1232 2492 subtrahit,

281 2518 478 2604 adquiescat,
506 2517 607 2601 ipsam
635 2527 786 2599 tanquam
817 2517 941 2601 paterni
970 2516 1114 2582 criminis
1142 2540 1234 2602 argu·

281 2630 436 2697 mentum,
457 2640 476 2680 a
499 2616 598 2681 totius
624 2615 821 2679 haereditatis
846 2637 902 2702 spe
929 2615 1146 2684 contendebat
1170 2641 1233 2682 esse

281 2721 460 2785 arcendam.
505 2716 555 2784 Ad
577 2716 645 2781 haec
671 2717 807 2781 Mabilia
830 2719 871 2782 ad
895 2719 1022 2803 cognati
1045 2720 1094 2786 sui
1117 2720 1234 2785 calum·

281 2821 366 2885 niam
382 2819 600 2907 depellendam
619 2830 765 2903 parentes
780 2840 854 2882 suos
866 2819 1067 2884 Willelmum
1082 2834 1115 2885 et
1131 2819 1234 2886 Adeli·

281 2923 363 2987 ciam
389 2923 532 3007 legitime
557 2919 743 3002 conjunctos
766 2920 934 2994 asserebat,
959 2934 992 2985 et
1018 2926 1151 3007 nuptias
1173 2942 1234 2986 non

282 3022 504 3095 clandestinas,
517 3019 571 3083 sed
584 3018 737 3082 solemnes
747 3018 779 3082 in
789 3019 869 3083 facie
877 3020 1017 3084 ecclesiae
1027 3021 1233 3087 contraxisse.

283 3127 356 3188 Non
383 3120 520 3185 multum
552 3131 656 3181 tamen
688 3117 899 3196 inficiabatur,
924 3126 1004 3206 quin
1035 3136 1130 3207 pater
1159 3144 1234 3186 suus

283 3221 479 3296 willelmus,
504 3232 633 3304 pactum
659 3219 915 3303 sponsalitiorum
940 3222 981 3285 de
1004 3221 1154 3287 Albreda
1177 3223 1234 3287 dn-

281 3321 391 3395 cenda,
402 3342 504 3405 quum
516 3331 607 3404 pater
617 3317 719 3403 ipsius
730 3334 901 3407 antequam
912 3323 1042 3388 duceret
1058 3323 1232 3388 Adelicism

283 3420 428 3485 Mabiliae
451 3432 597 3493 matrem,
616 3419 734 3494 inierit,
751 3421 806 3484 sed
830 3421 911 3485 illud
937 3422 1105 3507 usquead
1129 3422 1235 3486 matri-

283 3522 424 3587 monium
439 3520 621 3606 pervenisse
636 3521 784 3601 negabat,
796 3521 851 3584 sed
867 3522 944 3607 quia
955 3522 1191 3589 matrimonium
1202 3523 1234 3586 in

281 3620 497 3689 contrahendo
521 3633 553 3684 et
577 3619 787 3684 distrahendo
814 3621 950 3686 liberum
978 3644 1046 3686 esse
1069 3623 1168 3688 debet
1196 3624 1235 3687 de

281 3745 434 3790 consensu
455 3722 596 3808 partium
622 3732 749 3807 pactum
775 3722 1045 3807 sponsalitiorum,
1062 3738 1235 3810 utrumque

281 3826 365 3894 dixit
385 3848 451 3889 esse
476 3824 651 3899 remissum,
666 3824 755 3908 quod
778 3845 819 3887 ex
841 3848 879 3888 eo
902 3826 1038 3910 probare
1061 3827 1233 3900 nitebatur,

283 3925 369 4013 quod
386 3937 484 3989 testes
494 3924 692 4009 apparebant
707 3926 810 4009 parati
827 3927 973 4011 probare,
985 3927 1070 4011 patri
1086 3924 1233 3992 Albradae

282 4026 461 4114 pecuniam,
477 4047 572 4110 qnam
592 4022 767 4089 Willelmus
786 4028 827 4091 ab
851 4051 888 4090 ec
912 4041 1073 4113 receperat
1096 4049 1165 4092 esse
1187 4049 1234 4090 re·

282 4127 405 4190 fusam:
431 4124 627 4209 adjiciebant
646 4126 742 4189 etiam
758 4128 947 4204 Albredam,
962 4143 994 4193 et
1019 4140 1146 4214 patrem
1166 4129 1233 4214 ejus

281 4246 405 4289 omnem
436 4223 675 4306 obligationem,
707 4247 780 4310 quae
808 4228 1038 4305 intercesserat,
1069 4250 1111 4292 ex
1142 4247 1233 4292 causa

282 4324 485 4403 matrimonii,
500 4337 537 4387 ut
560 4327 759 4411 sperabatur,
773 4329 956 4415 copulandi,
970 4329 1131 4395 remisisse
1151 4326 1231 4391 Wil-
