3034 5500
398 736 461 796 834
653 748 791 792 romnus
808 744 1088 792 sannsnnmnnsrs
1263 739 1306 811 [s.
1322 749 1347 793 o.

399 913 448 966 tes
470 897 601 963 titulum
626 897 833 973 haereditatis,
854 920 921 983 quo
940 896 980 960 ad
1007 897 1264 964 Gabaonitarum
1287 922 1352 983 pre-

399 1024 479 1078 cem,
502 1021 638 1087 quorum
661 1012 787 1083 gentem
810 999 893 1064 inter
916 999 1096 1065 sacerdotes
1119 1001 1242 1076 Doech‚
1264 1001 1353 1086 regia

398 1100 626 1185 indignationis
662 1098 814 1176 minister,
846 1098 1015 1175 afflixerat,
1050 1100 1199 1184 patibulo
1234 1103 1354 1185 legatur

398 1203 539 1270 affixum.
584 1203 630 1267 Et
652 1202 759 1267 adhuc
780 1202 908 1287 respicit
933 1203 1024 1266 Deus
1044 1205 1075 1266 in
1097 1205 1274 1268 orationem
1297 1204 1352 1268 hu·

399 1306 534 1383 milium,
549 1317 583 1370 et
598 1326 661 1369 non
677 1303 799 1390 spernit
816 1325 924 1388 preces
939 1324 1059 1367 eorum.
1107 1305 1181 1380 Qua
1196 1328 1253 1389 spe
1268 1304 1351 1369 ducti

398 1407 570 1496 proscripti
584 1428 742 1493 pauperes
756 1419 861 1481 orant,
875 1419 908 1468 et
924 1408 1005 1481 Deo,
1021 1427 1081 1489 pro
1096 1429 1164 1490 quo
1179 1406 1353 1491 patiuntur,

398 1522 540 1586 auctore,
565 1508 689 1596 jugiter
718 1508 868 1584 orabunt,
896 1519 933 1571 ut
962 1506 1180 1572 serenissimus
1212 1507 1353 1573 dominus

400 1634 456 1677 rex
475 1611 651 1697 condignos
675 1609 800 1674 fructus
820 1607 1014 1694 poenitentiae
1034 1608 1143 1686 faciat,
1159 1621 1192 1674 et
1207 1610 1288 1673 iram
1303 1609 1351 1673 de·

398 1713 495 1778 clinet
510 1714 738 1776 imminentem.

443 1814 575 1879 Interim
597 1812 862 1898 dispensationem
884 1814 1014 1877 Domini
1037 1811 1263 1898 aequanimiter
1278 1813 1350 1878 tolc-

397 1939 516 1997 ramus,
530 1916 608 1981 certi
632 1915 719 2003 quod
742 1916 822 1980 nihil
838 1915 927 1980 nobis
949 1936 1060 1978 nocere
1082 1916 1216 2000 poterit,
1234 1915 1260 1980 si
1283 1917 1349 1981 boni

397 2017 430 2084 id
444 2035 490 2084 est
502 2018 619 2083 divinoe
630 2016 710 2103 legis
722 2017 923 2083 aemulatores
934 2016 1099 2080 fuerimus.
1135 2017 1209 2081 Non
1222 2017 1304 2081 enim
1317 2031 1348 2082 ut

396 2118 556 2184 criminosi
578 2120 730 2205 patimur,
753 2119 841 2204 quod
864 2118 991 2203 publice
1013 2131 1125 2183 notum
1148 2133 1209 2197 est,
1225 2120 1285 2186 nisi
1305 2120 1349 2185 his

395 2217 450 2303 qui
467 2217 610 2283 laborant
633 2232 668 2282 ut
692 2241 754 2281 non
777 2221 900 2303 sapiant
923 2243 998 2303 quae
1017 2219 1079 2283 Dei
1102 2235 1189 2294 sunt,
1205 2222 1261 2286 sed
1276 2221 1349 2286 affli-

394 2318 502 2404 gimur
515 2334 553 2383 ut
571 2317 752 2383 Christiani.
802 2320 841 2382 In
865 2343 930 2406 quo
951 2335 982 2385 et
1008 2334 1050 2400 te,
1067 2321 1282 2400 dilectissime,
1297 2347 1349 2387 nos

394 2419 573 2506 gaudemus
588 2419 705 2484 habere
719 2432 916 2485 consortem:
950 2444 1012 2484 non
1031 2424 1161 2507 quidem
1180 2436 1236 2486 tuo
1252 2425 1347 2509 (quod

395 2522 485 2588 nefas
508 2523 603 2604 esset)
632 2520 821 2586 insultantes
845 2522 989 2608 rejectui,
1011 2522 1066 2586 sed
1092 2529 1349 2610 congratulantes

395 2621 519 2689 virtuti.
565 2628 649 2690 Nam
665 2636 695 2688 et
712 2636 748 2688 tu
765 2621 840 2686 fidei
857 2635 922 2686 tuae
937 2623 1040 2687 fecisti
1056 2623 1165 2701 fidem,
1181 2637 1214 2690 et
1232 2639 1348 2713 tempo

395 2724 510 2793 ralium
530 2726 688 2813 jacturam
712 2725 939 2811 contempsisti,
956 2724 1033 2790 dum
1056 2727 1222 2792 sectareris
1242 2729 1348 2794 hones-

397 2841 506 2906 tatem,
536 2840 569 2893 et
599 2826 795 2892 satisfaceres
824 2825 958 2891 caritati.
1018 2825 1117 2905 Quid,
1147 2826 1263 2893 dilecte
1296 2831 1347 2905 mi,

394 2930 615 3017 obstupescis?
646 2928 722 3015 quid
747 2928 918 2993 mussitas?
951 2927 1030 3014 quid
1053 2928 1214 2995 lucernam
1243 2934 1348 2998 niteris

394 3029 586 3095 obfuscare?
615 3028 732 3093 crimen
749 3042 842 3092 tuum
859 3029 979 3092 mundo
994 3028 1156 3095 innotuit:
1184 3055 1295 3096 omnes
1309 3033 1347 3097 de

393 3144 426 3198 te
441 3154 538 3197 unam
561 3131 749 3196 sententiam
766 3130 891 3195 ferunt:
923 3144 955 3194 et
978 3153 1016 3195 ne
1035 3141 1065 3195 te
1081 3131 1205 3196 diutius
1228 3148 1347 3219 protra-

393 3232 478 3309 ham,
495 3222 725 3318 Evangelicnm
738 3232 878 3318 implesti
894 3232 1009 3307 virum,
1023 3255 1082 3316 pro
1096 3234 1197 3299 fratre
1211 3237 1344 3301 animam

393 3358 524 3421 ponens,
553 3336 629 3400 dum
659 3347 690 3400 te
722 3357 781 3418 pro
804 3334 934 3418 justitia
962 3334 1102 3401 maluisti
1131 3337 1344 3414 condemnari,

393 3458 490 3520 quam
512 3436 622 3513 alium,
645 3437 698 3501 cui
721 3438 826 3502 virtus
847 3436 1037 3501 obedientiae
1059 3439 1242 3523 reputanda
1264 3440 1345 3504 ride·

390 3535 499 3612 batur,
521 3534 553 3598 in
579 3536 721 3612 crimine,
744 3537 770 3600 si
794 3560 904 3601 verum
927 3538 1092 3613 fateretur,
1115 3541 1268 3617 accusari,
1291 3539 1343 3605 sed

390 3659 449 3704 uec
463 3636 517 3702 ille
533 3638 584 3717 (ut
598 3635 698 3720 vulgo
712 3634 844 3718 dicitur)
860 3638 957 3703 fidem
972 3653 1004 3704 et
1019 3637 1233 3705 obedientiam
1249 3664 1344 3707 ausus

390 3752 438 3806 est
460 3738 613 3825 profiteri,
628 3760 686 3801 nec
708 3748 757 3816 tu,
771 3738 859 3822 quod
882 3739 1060 3825 gaudenter
1082 3741 1271 3826 amplector,
1286 3742 1344 3807 dil-

388 3840 472 3905 fiteri
487 3839 640 3925 dignatus
655 3860 689 3900 es
703 3837 779 3902 fidei
796 3851 828 3904 et
843 3840 1034 3907 obedientiae
1050 3841 1195 3908 titulum.

431 3939 540 4014 Quum
555 3961 632 4024 ergo
647 3938 747 4024 gratis
765 3938 867 4004 virtus
888 3941 962 4006 fidei
978 3943 1020 4007 sit
1036 3942 1067 4007 in
1092 3955 1124 4007 te
1147 3945 1275 4030 punita,
1289 3959 1343 4011 aut

385 4038 494 4126 potius
508 4039 644 4123 probata
658 4063 716 4125 per
730 4040 885 4120 homines,
901 4044 1049 4130 nunquid
1065 4046 1202 4130 perfidia
1222 4070 1343 4135 praeva-

384 4139 568 4217 nostorum,
584 4153 617 4204 et
640 4139 905 4207 calumniatorum
930 4144 1085 4231 iniquitas
1107 4169 1171 4211 non
1194 4149 1341 4213 condem-

384 4241 515 4308 nabitur
529 4241 617 4328 apud
642 4245 773 4307 Deum?
806 4245 896 4309 Deus
911 4246 989 4310 mihi
1006 4246 1096 4311 testis
1118 4261 1167 4314 est
1189 4251 1339 4335 quoniam

385 4340 477 4407 doleo
504 4343 623 4410 Christi
650 4343 733 4429 regis
763 4343 901 4429 sigillum
928 4368 996 4409 esse
1021 4347 1233 4415 subtractum.
1281 4349 1340 4413 Sed
