3034 5500
412 750 452 808 56
666 761 803 806 scansis
820 759 1094 805 sanasaaareasrs
1275 743 1318 824 [a
1334 762 1362 807 n.

409 914 585 992 destinatis,
611 909 817 997 praecipiatis,
844 924 1001 994 quatenus
1030 911 1117 997 quod
1150 932 1211 976 nos
1237 929 1363 997 urgente

409 1015 593 1080 necessitate
609 1012 747 1096 episcopi
764 1012 850 1098 apud
866 1036 924 1076 nos
933 1013 1093 1076 exulantis
1108 1012 1262 1075 canonice
1272 1027 1363 1076 statu-

410 1140 499 1181 emus
513 1117 545 1180 in
563 1114 752 1190 wallenses,
768 1113 827 1198 ipsi
844 1127 948 1178 ratum
966 1113 1115 1186 habeant,
1131 1125 1165 1177 et
1180 1113 1360 1177 sententiam

411 1233 548 1283 nostram
565 1216 698 1281 firmiter
712 1215 891 1279 observent.

607 1523 831 1588 EPISTOLA
854 1522 1029 1585 [ΙΨ-ΛΒ
1049 1540 1179 1586 naussr.

472 1668 552 1751 Regi
566 1669 752 1750 duplorum,
769 1666 1017 1731 cantuariensis
1035 1665 1309 1750 Arclaiepiscopas.

453 1828 552 1904 Quart
576 1825 630 1911 pia
653 1822 820 1888 devotione
842 1821 931 1885 vobis
953 1823 1125 1897 servierim,
1150 1825 1259 1889 verbis
1280 1848 1360 1889 euar-

409 1950 479 1991 rare
494 1927 692 2012 superfluum
712 1926 805 1999 duco,
821 1947 922 2010 quum
946 1924 1022 1988 mibi
1044 1926 1221 1990 multorum
1245 1941 1361 2013 ternpo-

407 2050 478 2092 rum
502 2029 669 2092 manifesta
690 2049 787 2111 opera
807 2040 1010 2102 attestentur,
1026 2040 1058 2090 et
1078 2027 1154 2091 fidei
1173 2052 1256 2093 mere
1277 2031 1361 2094 testis

408 2130 441 2193 in
457 2130 537 2196 coelo
552 2131 604 2204 sit,
617 2145 649 2194 et
664 2128 863 2192 conscientiae
876 2129 1020 2192 conscius
1031 2134 1063 2193 in
1078 2130 1215 2194 excelso.
1246 2131 1361 2196 Attrita

407 2246 455 2297 est
470 2255 543 2295 caro
557 2254 637 2310 mea,
649 2245 680 2297 et
697 2244 762 2295 tam
778 2243 872 2294 aetate
882 2253 978 2316 quam
995 2230 1159 2297 laboribus
1170 2231 1360 2319 praefatigati

411 2348 485 2399 sunt
507 2347 608 2410 artus,
630 2344 663 2396 et
684 2333 844 2417 aegritudo
865 2334 972 2417 gravis
998 2346 1030 2397 et
1055 2333 1214 2398 diuturna
1238 2336 1358 2400 dierum

406 2440 548 2501 nieorum
561 2436 654 2499 linem
667 2435 698 2498 in
711 2433 800 2498 brevi
812 2434 921 2498 adesse
932 2434 1110 2500 denuntiat.
1139 2437 1357 2501 Desideratam

406 2537 463 2601 diu
473 2538 584 2602 faciem
596 2555 730 2602 vestram
745 2537 851 2600 videre
862 2538 1039 2622 sperabam,
1048 2552 1220 2624 antequam
1234 2540 1358 2615 moriar,

406 2653 439 2703 et
453 2664 506 2704 eos
521 2663 602 2727 quos
617 2663 695 2705 meae
710 2638 863 2702 custodiae
878 2640 909 2702 in
927 2662 1024 2724 regno
1042 2655 1148 2705 vestro
1161 2641 1360 2706 commenda-

406 2760 494 2809 verat
509 2747 607 2819 Dens,
626 2743 698 2828 ipso
712 2742 888 2828 inspectore
910 2757 942 2807 et
964 2757 1044 2808 teste
1065 2743 1156 2808 vobis
1177 2743 1360 2830 praesentia·

406 2844 479 2911 liter
507 2847 705 2911 decreveram
735 2844 963 2909 commendare.
1021 2845 1083 2911 Sed
1114 2848 1192 2931 quia
1221 2847 1263 2911 ad
1293 2851 1361 2935 ejus

407 2972 540 3013 examen
566 2950 661 3014 citius
691 2970 797 3028 vocor,
823 2961 896 3011 aute
925 2946 1017 3029 cujus
1043 2948 1183 3012 tribunal
1210 2949 1244 3013 in
1270 2949 1359 3014 brevi

408 3052 564 3115 stabimus
588 3073 706 3125 omnes,
734 3050 933 3114 serenitatem
961 3063 1108 3126 vestram,
1135 3051 1241 3135 regios
1266 3054 1360 3119 corde

406 3151 598 3236 provolutus
622 3150 662 3212 ad
689 3149 799 3233 pedes,
826 3149 937 3214 litteris
958 3172 1063 3214 coram
1092 3150 1234 3217 Domino
1249 3154 1359 3240 judice

405 3249 546 3312 omnium
570 3248 782 3332 praesentibus
802 3248 960 3336 alloquor,
983 3252 1139 3316 attentius
1162 3254 1359 3342 supplicans,

405 3363 443 3414 ut
466 3347 588 3412 fidelem
610 3361 762 3428 vestrum,
785 3351 876 3435 cujus
898 3351 929 3414 in
954 3373 1010 3415 vos
1032 3374 1209 3439 numquam
1233 3356 1361 3423 devotio

405 3450 520 3537 tepuit,
534 3463 679 3536 agentem
693 3451 726 3513 iu
742 3453 893 3515 extremis
907 3452 1079 3537 dignemini
1095 3457 1259 3523 exaudire.
1293 3464 1360 3525 Ex·

404 3553 513 3620 audite
539 3576 657 3640 quaeso,
685 3567 722 3618 ut
747 3576 804 3617 vos
829 3554 861 3617 in
888 3556 1040 3619 extremis
1069 3559 1183 3622 vestris
1207 3562 1359 3627 exaudiat

404 3662 504 3723 Deus.
549 3656 711 3721 Exaudite
733 3679 785 3719 me
806 3679 865 3742 pro
887 3656 981 3720 domo
1002 3659 1142 3738 Domini,
1157 3676 1189 3725 et
1206 3684 1267 3747 pro
1291 3687 1361 3750 par.

404 3760 487 3825 vulis
501 3762 582 3848 ejus,
592 3783 674 3848 quos
688 3760 829 3822 humano
845 3759 1014 3824 destitutos
1029 3761 1142 3825 solatio
1156 3761 1358 3851 derelinquo,

404 3877 441 3927 ut
464 3864 594 3927 domum
618 3876 753 3925 vestram
782 3874 910 3925 tueatur
934 3860 1130 3944 albissimus
1152 3878 1185 3928 et
1207 3866 1358 3952 parvulos

404 3979 534 4041 vestros,
557 3980 589 4027 et
616 3963 754 4026 filiorum
780 3976 954 4027 vestrorum
978 3964 1010 4027 in
1034 3988 1139 4031 aevum
1166 3968 1356 4034 consoletur.

403 4064 600 4128 Transmitto
623 4064 712 4127 vobis
734 4078 766 4128 et
790 4064 897 4128 semini
927 4080 1041 4146 vestro,
1064 4068 1317 4135 benedictionem
1339 4095 1358 4135 a

401 4165 541 4230 Domino
556 4167 635 4228 Jesu
649 4164 792 4231 Christo:
818 4180 849 4230 et
867 4168 962 4233 vossi
979 4168 1082 4253 placet
1098 4170 1266 4238 destitutis
1280 4174 1356 4237 meis

401 4269 574 4355 majestatis
592 4282 703 4331 vestrae
726 4268 873 4332 solatium
896 4269 1021 4334 mittite.
1053 4274 1252 4337 Commendo
1267 4274 1355 4339 vobis

401 4387 539 4440 sanctam
555 4373 815 4437 Cantuan'ensem
831 4371 1006 4452 ecclesiam,
1022 4374 1062 4438 de
1076 4377 1169 4461 cujus
1184 4399 1283 4456 mauu
1298 4401 1354 4464 pet
