3034 5500
273 750 382 828 llud]
658 767 836 813 sersronar.
1160 751 1220 808 321

265 943 306 984 ea
332 921 493 1004 sapientia
519 933 551 984 et
576 920 807 994 moderatione,
833 941 905 1003 quae
931 918 1031 1002 prosit
1055 917 1223 995 Ecclesiae,

267 1043 328 1105 pro
345 1023 438 1106 cujus
450 1023 582 1086 fortasse
595 1021 731 1085 utilitate
744 1032 776 1084 et
790 1021 892 1084 salute
907 1040 1074 1104 personam
1086 1030 1223 1082 vestram

269 1124 431 1187 Dominus
446 1124 488 1187 ad
504 1125 563 1187 hos
576 1123 729 1186 barbaros
744 1120 926 1186 destinavit.
968 1121 1141 1203 Apostolus
1156 1141 1223 1184 om-

266 1226 363 1289 nibus
385 1226 493 1289 omnia
517 1227 620 1289 sactus
646 1235 705 1302 est,
727 1234 762 1287 ut
785 1223 966 1287 lucrifaciat
991 1223 1166 1301 universos,
1190 1233 1224 1286 et

265 1349 324 1410 per
339 1328 502 1391 infamiam
517 1339 550 1391 et
566 1329 684 1390 bonam
699 1327 828 1403 famam,
842 1337 875 1389 et
897 1345 1101 1409 quacumque
1116 1335 1222 1408 potest

263 1430 448 1504 occasione,
461 1429 622 1492 Christum
634 1430 809 1493 annuntiat.
849 1427 902 1489 Sic
914 1439 946 1490 et
957 1447 1023 1503 vos,
1035 1427 1062 1488 si
1078 1427 1222 1509 potestis,

267 1533 357 1616 apud
372 1533 609 1614 imperatorem
632 1532 706 1615 quia
726 1529 868 1613 potestis,
884 1528 971 1610 apud
994 1528 1221 1592 coloniensem

265 1634 460 1697 annunciate
476 1633 649 1696 Christum.
696 1632 772 1693 Non
788 1640 837 1693 est
859 1630 955 1704 enim,
972 1640 1007 1693 ut
1022 1625 1222 1692 fraudulenta

265 1735 433 1797 verborum
460 1732 575 1795 astutia
602 1752 693 1793 suum
724 1750 879 1793 excusare
904 1730 1044 1793 nitantur
1073 1750 1220 1806 errorem,

263 1832 427 1915 redarguit
449 1854 506 1895 eos
528 1831 726 1895 couscientia
747 1852 816 1908 sua,
831 1832 913 1894 male
936 1832 977 1895 de
997 1833 1046 1895 eis
1062 1832 1151 1895 vobis
1173 1853 1222 1895 re·

263 1934 404 2018 spondet
426 1944 537 2010 vestra,
552 1953 616 1995 non
640 1932 713 1996 dico
729 1932 837 2016 quoad
860 1929 1133 2016 dispensationem
1151 1955 1221 1997 res·

262 2048 356 2114 tram,
375 2035 432 2098 sed
456 2034 562 2118 quoad
584 2034 791 2099 temeritatem
815 2055 935 2097 eorum.
980 2037 1079 2099 Terra
1101 2032 1220 2101 clamat

261 2137 419 2202 adversus
434 2158 500 2214 eos,
516 2148 548 2199 et
562 2148 752 2220 expectatur
775 2146 810 2200 ut
830 2136 906 2200 coeli
926 2138 1111 2221 propediem
1132 2159 1220 2202 reve·

262 2242 333 2304 lent
354 2239 552 2322 iniquitatem
575 2259 694 2301 eorum.
740 2238 833 2301 Licet
857 2237 943 2301 enim
965 2240 1108 2304 nondum
1131 2262 1219 2304 rere-

262 2343 347 2405 letur
362 2340 503 2419 omnin0,
520 2351 625 2403 tamen
642 2339 711 2422 jam
726 2339 869 2403 enervari
890 2349 924 2403 et
945 2341 1105 2404 exinaniri
1120 2343 1220 2426 coepit

264 2451 409 2526 potestas
423 2461 544 2519 eorum,
558 2450 591 2502 et
604 2440 703 2502 fastus
725 2440 887 2502 evanescit
908 2441 940 2503 in
963 2441 1094 2506 sumum.
1139 2443 1220 2515 Quis

262 2542 352 2605 enim
371 2541 485 2604 similis
506 2550 572 2604 erat
588 2537 757 2602 Frederico
777 2539 813 2600 in
834 2539 910 2601 filiis
930 2539 1109 2620 hominum,
1130 2554 1219 2607 ante-

266 2664 362 2726 quam
392 2643 426 2704 in
455 2653 625 2724 tyrannum
655 2649 827 2703 verteretur
855 2659 896 2702 ex
928 2640 1084 2724 principe,
1115 2654 1148 2706 et
1175 2665 1216 2706 ex

265 2743 438 2809 catholico
449 2743 638 2827 imperatore
651 2741 874 2806 schismaticus
886 2753 918 2805 et
928 2741 1096 2807 haereticus
1107 2743 1215 2809 fleret?

263 2847 340 2909 Non
364 2846 437 2909 dico
460 2845 545 2928 quod
561 2845 594 2907 iu
619 2843 762 2907 articulis
783 2842 872 2916 fidei,
887 2864 929 2907 ne
950 2853 1037 2908 recte
1060 2844 1217 2925 credatur,

262 2947 398 3011 inducat
413 2968 559 3024 errorem,
575 2946 631 3009 sed
650 2946 728 3030 quia
748 2946 782 3008 in
807 2946 987 3010 sinceritate
1005 2947 1216 3012 ecclesiastici

260 3049 386 3114 ordinis
408 3047 581 3132 procedere
607 3070 674 3111 non
702 3046 787 3111 sinat
809 3048 983 3111 veritatem.
1028 3050 1088 3113 Ille
1113 3068 1217 3114 sacer·

264 3149 387 3213 dotium
424 3149 519 3212 scidit
552 3148 703 3212 adversus
738 3148 925 3226 Dominum,
954 3160 986 3211 et
1020 3172 1039 3213 a
1074 3150 1216 3214 Domino

261 3251 434 3316 scissuram
457 3250 552 3314 sentit
573 3250 706 3333 imperii.
752 3250 807 3313 Sic
823 3259 856 3313 et
876 3271 935 3314 rex
960 3252 1144 3334 Anglorum,
1159 3254 1215 3337 qui

263 3348 377 3416 ricinis
399 3350 601 3434 principibus
623 3362 772 3414 terrorem
794 3352 984 3430 incusserat,
1000 3375 1042 3417 ex
1065 3376 1129 3439 quo
1152 3357 1216 3419 cal·

262 3474 398 3517 caneum
421 3451 525 3515 erexit
546 3450 696 3515 adversus
718 3454 913 3533 Ecclesiam,
935 3466 968 3519 et
989 3476 1059 3520 eam
1082 3468 1215 3522 conatus

262 3566 311 3618 est
330 3552 489 3636 subjicere
514 3553 667 3630 servituti,
690 3555 730 3618 ab
753 3555 929 3620 inermibus
951 3557 1136 3623 hominibus
1158 3583 1215 3624 ex·

261 3666 435 3739 pugnatur,
460 3666 496 3718 ut
521 3654 736 3739 adjacentium
767 3658 931 3722 nationum
962 3682 1056 3743 opem
1082 3671 1215 3742 cogatur

262 3756 444 3841 implorare,
459 3767 491 3820 et
510 3755 660 3822 adversus
683 3759 859 3823 Dominum
882 3761 1109 3839 intumescens,
1126 3762 1213 3824 illico

261 3860 430 3922 manifesta
444 3858 557 3922 virium
572 3880 697 3923 suarum
716 3873 747 3923 et
770 3849 897 3925 suoru'm
914 3864 1012 3926 sensit
1034 3862 1214 3946 dispendia.

261 3959 412 4036 Plurima,
435 3969 470 4022 ut
493 3959 675 4042 scripsistis,
697 3962 899 4025 machinatur
920 3962 1037 4039 adhuc,
1061 3964 1118 4028 sed
1140 3987 1212 4049 pro·

262 4060 357 4139 fecto,
369 4074 424 4125 aut
435 4061 573 4144 Spiritus
585 4072 724 4139 sanctus,
735 4063 823 4146 quod
834 4084 893 4126 nec
906 4065 1093 4148 prophanus
1104 4067 1214 4144 credit,

261 4163 372 4241 fallax,
397 4172 430 4226 et
454 4163 553 4226 salsus
578 4175 637 4240 est,
661 4177 716 4229 aut
742 4177 942 4229 convertetur
966 4166 1061 4230 dolus
1086 4167 1154 4250 ejus
1179 4169 1213 4229 in

261 4275 358 4349 caput
372 4266 453 4348 ejus,
463 4277 497 4328 et
511 4266 542 4326 in
559 4265 707 4330 verticem
721 4265 824 4348 ipsius
836 4265 988 4350 iniquitas
999 4266 1067 4349 ejus
1079 4266 1212 4329 descen·

262 4366 324 4431 det.
371 4364 411 4428 In
435 4366 559 4450 laqueis
579 4367 662 4429 enirn
679 4368 746 4429 suis
764 4367 1076 4450 comprehenduntur
1098 4366 1212 4446 iniqui,

305 4487 377 4530 von.
395 4487 416 4530 1.
729 4486 749 4527 r
