3034 5500
142 775 343 851 itm-om
531 740 707 834 aristone.
1055 768 1098 835 97

138 943 219 1030 quod
234 945 270 1007 in
295 939 424 1008 mundo
439 940 698 1025 pretiosissimum
719 938 814 1016 duco,
830 939 917 1025 apud
935 958 994 1002 vos
1016 938 1093 1001 mibi

138 1058 182 1109 est
203 1044 355 1109 fidelium
378 1043 471 1128 copia
492 1040 675 1106 amicorum.
721 1040 777 1105 Sin
806 1053 913 1104 autem
943 1039 1093 1124 deceptus

139 1168 218 1220 aum,
243 1159 362 1232 gratus
394 1157 499 1208 tamen
521 1157 569 1207 eat
594 1141 767 1206 admodum
791 1142 956 1207 labefactae
974 1155 1006 1205 et
1028 1162 1093 1203 cre-

139 1247 224 1312 dulae
244 1245 409 1333 opinionis
430 1249 527 1308 error'.
573 1249 624 1309 De
646 1243 788 1307 moribus
810 1246 894 1308 enim
919 1243 1092 1306 amicorum

141 1361 283 1412 sanctum
300 1368 427 1433 semper
438 1368 505 1409 esse
515 1344 623 1421 debet,
634 1343 914 1430 venerandumque
923 1342 1093 1429 judicium,

141 1448 281 1534 perversi
302 1447 424 1534 ingenii
444 1459 491 1510 eat
514 1445 554 1510 de
575 1447 620 1509 eis
641 1445 733 1509 facile
752 1467 918 1532 perperam
936 1442 1093 1528 judicare,

141 1562 227 1613 recte
241 1570 373 1634 quoque
387 1550 510 1632 copiam
532 1546 679 1626 dixerim,
693 1570 732 1610 eo
745 1546 834 1631 quod
850 1545 960 1609 multis
974 1545 1094 1608 amicus

143 1651 394 1715 meviceversaa
405 1646 516 1712 multis
526 1648 624 1711 amari
636 1647 771 1712 conlido.
795 1646 1093 1730 Confido,inquam‚

142 1773 161 1814 a
176 1773 231 1838 spe
246 1749 429 1814 indubitata
444 1769 507 1812 non
522 1747 697 1833 ambigens,
712 1760 744 1812 et
759 1748 824 1811 scio
847 1746 934 1833 quod
950 1768 1021 1831 apes
1035 1745 1095 1808 ista

143 1874 209 1916 non
219 1848 541 1934 conlundit‚eoquod
552 1851 669 1913 caritas
679 1848 777 1913 nescit
789 1849 883 1913 finem
892 1845 1095 1911 confusionis.

146 1953 241 2018 Licet
255 1952 337 2017 enim
359 1949 521 2015 interdum
543 1972 681 2013 errorem
697 1950 813 2014 babeat
833 1973 873 2014 ex
894 1947 1096 2033 simplicitate

143 2052 358 2128 conscientie,
373 2072 499 2115 omnem
511 2050 589 2114 vitat
604 2050 821 2114 confusionem
837 2074 877 2115 ex
889 2051 1003 2115 merito
1017 2049 1094 2114 sub·

143 2153 298 2218 venientis
327 2154 452 2238 gratiae,
482 2149 678 2235 virtutisque
708 2150 870 2236 perfectae.
916 2150 1000 2229 Quid
1017 2173 1093 2236 ergo

143 2255 269 2320 dulcius
294 2277 390 2341 quam
414 2253 508 2317 talem
533 2250 720 2316 thesaurum
741 2252 926 2338 frequenter
948 2253 1093 2325 invisere,

143 2354 227 2419 unde
241 2355 348 2419 anima
359 2351 574 2439 jucundatur,
585 2365 617 2414 et
627 2350 928 2437 alioajucunditatis
938 2375 1005 2418 suoe
1020 2351 1095 2417 lacit

143 2478 207 2520 ease
220 2455 413 2540 participes?
438 2454 504 2520 Ubi
516 2465 564 2517 est
573 2474 671 2524 amor,
685 2452 802 2538 inquit,
810 2452 855 2518 ibi
870 2468 919 2520 est
926 2453 1050 2530 oculus,
1062 2466 1096 2518 et

145 2557 197 2622 ubi
209 2571 257 2622 est
270 2557 451 2631 thesaurus,
462 2554 508 2619 ibi
519 2565 567 2620 est
576 2575 631 2616 cor
640 2565 742 2617 tuum.
770 2555 857 2631 Quid
869 2578 947 2640 ergo
957 2555 1096 2620 amarius

144 2681 241 2744 quam
271 2657 313 2721 ab
335 2655 406 2740 ejus
428 2654 695 2741 contemplatione
724 2656 890 2741 suspendi,
920 2657 1009 2742 quod
1038 2668 1096 2719 aut

144 2760 250 2837 solvit,
265 2771 323 2824 aut
338 2780 406 2844 prae
420 2755 544 2821 cacteris
558 2779 612 2819 cor
626 2757 763 2841 appetit,
779 2771 811 2821 et
827 2757 862 2821 in
878 2757 965 2841 quod
988 2756 1098 2820 radius

144 2860 226 2928 oculi
249 2880 374 2945 semper
395 2855 525 2922 tandit?
563 2860 645 2922 Haec
666 2854 798 2940 quidem
819 2854 1000 2919 amaritudo
1028 2876 1098 2918 mea

140 2961 346 3048 jampridem,
355 2958 575 3026 etamaritudo
583 2956 790 3032 amarissima,
800 2955 1000 3020 utneminem
1009 2954 1097 3041 apud

145 3086 201 3128 vos
217 3061 326 3127 videre
341 3060 467 3125 licuerit
486 3061 673 3135 amicorum,
696 3056 782 3121 unde
802 3069 881 3123 teste
895 3056 1098 3134 conscientia,

147 3178 181 3229 ut
198 3163 274 3229 huic
287 3162 432 3228 mederer
446 3160 614 3245 angustiae,
634 3182 685 3224 me
701 3180 804 3245 nuper
819 3158 940 3245 impelli
955 3157 1096 3247 permisi,

146 3278 181 3329 ut
196 3263 418 3329 descenderem
441 3261 483 3325 ad
502 3276 629 3347 gentem
654 3260 798 3334 amicam,
824 3260 878 3324 sed
903 3284 1030 3327 causam
1048 3261 1097 3325 in-

146 3366 253 3430 risam.
301 3364 430 3428 Accessi
447 3362 577 3449 quidem
592 3361 633 3426 ad
650 3384 717 3442 vos,
731 3365 788 3428 sed
803 3363 920 3428 ibidem
932 3376 1096 3449 gravatus,

145 3466 340 3543 cumulatus,
363 3481 394 3529 et
418 3463 623 3530 exulceratus
643 3478 692 3529 est
722 3463 814 3529 dolor
844 3486 943 3529 meus,
988 3466 1097 3542 Quum

146 3567 229 3631 enim
249 3565 462 3629 desideratam
483 3564 595 3627 faciem
619 3576 755 3630 vestram
774 3578 929 3630 nocturno
944 3580 1098 3652 tempore,

147 3667 239 3732 etad
263 3665 436 3742 modicum,
459 3678 492 3729 et
513 3666 566 3730 vix
588 3666 747 3743 vidissem,
769 3666 878 3731 eadem
905 3666 983 3733 mihi
1005 3667 1099 3731 solito

146 3769 324 3834 infortunio
350 3767 414 3832 cito
438 3767 532 3831 nimis
554 3768 718 3834 subtracta
738 3781 798 3841 est,
822 3781 858 3832 ut
888 3791 957 3832 eam
979 3791 1036 3832 nec
1058 3768 1099 3832 ad

147 3868 353 3947 salutandum
365 3867 443 3931 mibi
453 3867 641 3946 discedenti,
649 3883 681 3933 et
694 3893 731 3933 eo
742 3870 845 3955 inagis
854 3869 997 3957 cupienti
1008 3889 1101 3933 mane

148 3970 273 4038 licuerit
295 3969 415 4034 videre.
462 3970 603 4047 Quaesivi
624 3968 692 4048 diu,
714 3969 771 4035 diu
794 3971 966 4057 expectari,
981 3971 1102 4056 rogavi,

150 4072 316 4137 sollicitavi
332 4071 461 4147 multos,
478 4070 612 4135 sednon
634 4071 696 4137 fuit
711 4073 771 4158 qui
791 4073 972 4159 adjuvaret,
993 4072 1101 4135 hocin

146 4188 292 4241 metune
314 4172 447 4237 fortuna
461 4172 579 4259 potuit,
594 4171 649 4238 sed
671 4173 743 4239 licet
754 4174 920 4240 temeraria
941 4175 982 4237 sit
997 4196 1103 4237 amare

149 4290 180 4341 et
194 4276 337 4340 salutare
352 4274 526 4353 absentem,
538 4296 595 4339 nee
612 4274 756 4350 audebit,
768 4298 825 4339 nec
840 4273 968 4359 quidem
986 4271 1103 4358 poterit

193 4398 267 4443 von.
285 4396 307 4440 1.
630 4397 652 4438 n
