3034 5500
427 784 447 840 2
683 788 821 836 ronums
837 791 1116 835 sansssnmnnsrs
1285 772 1328 852 [a.
1347 792 1376 834 n.

429 945 604 1019 vinculum,
635 966 673 1006 ex
711 965 778 1026 quo
814 943 974 1005 conveniri
1011 943 1122 1026 possit,
1157 941 1377 1006 intercessisse.

430 1046 506 1110 lllos
520 1067 604 1124 vero,
614 1068 634 1107 a
648 1043 769 1129 quibus
779 1043 923 1106 monachi
936 1065 969 1106 se
985 1043 1152 1127 praefatam
1167 1043 1378 1129 quantitatem

430 1147 583 1232 recepisse
603 1146 763 1224 dicebaut,
778 1144 937 1209 asserebat
954 1146 1022 1230 jam
1044 1143 1139 1210 dictae
1160 1145 1298 1210 ecclesiae
1319 1168 1378 1209 non

429 1249 527 1312 fuisse
548 1269 706 1331 personas,
730 1248 786 1309 sed
812 1246 986 1310 conductos
1013 1246 1202 1323 sacerdotes,
1228 1261 1261 1311 et
1283 1246 1379 1310 ecole-

429 1352 506 1416 siam
533 1364 565 1415 et
591 1351 711 1434 praedia
736 1349 893 1414 instructa
917 1372 936 1412 a
961 1351 1123 1414 monachis
1149 1350 1318 1436 accepisse,
1343 1364 1377 1414 ut

429 1452 572 1538 praefatae
587 1448 746 1539 pensionis
767 1473 890 1515 summa
914 1451 993 1514 solvi
1016 1463 1131 1538 posset.
1177 1452 1378 1517 Producebat

428 1555 524 1618 etiam
550 1567 646 1618 testes
671 1553 731 1617 boc
759 1553 866 1638 ipsum
893 1553 1028 1638 probare
1058 1567 1203 1639 paratos:
1235 1554 1376 1637 ipsorum

428 1677 558 1742 quoque
572 1654 799 1718 monachorum
821 1654 1002 1719 testimonio
1021 1656 1185 1730 utebatur,
1200 1669 1313 1719 contra
1328 1679 1378 1720 eos

429 1754 1376 1842 proferensscriptum,quonobispersuaserunt,praedictum

429 1861 593 1941 Segarinm
609 1879 670 1919 nou
692 1878 857 1940 personam
878 1856 1040 1939 praedictae
1059 1857 1210 1933 ecclesiae,
1225 1857 1281 1919 sed
1298 1858 1379 1921 vica·

429 1956 938 2041 rium,ipsumqueconductitium
945 1958 1101 2022 extitisse.
1119 1960 1381 2024 Praetereaeccle·

430 2059 507 2122 siam
520 2080 609 2122 snam
621 2070 720 2122 tanrae
734 2055 935 2144 paupertatis
943 2081 1011 2123 esse
1022 2059 1159 2133 dicebat,
1174 2073 1221 2132 ut,
1234 2059 1380 2126 deductis

428 2158 1380 2246 episcopalibusetministrorumnecessariisalimentis,onus

430 2262 525 2325 unius
547 2284 660 2325 marcae
676 2261 729 2324 vix
745 2273 852 2346 posset
875 2262 1041 2327 sustinere.
1089 2264 1156 2328 Sibi
1172 2287 1303 2350 quoque
1318 2288 1379 2329 non

428 2363 544 2427 debere
558 2363 679 2442 obesse,
693 2365 719 2426 si
733 2366 860 2428 nomine
881 2363 1019 2428 ecclesiae
1039 2366 1161 2451 aliqnid
1185 2368 1380 2453 quandoque

428 2465 549 2530 invitus
558 2465 698 2541 solverit,
709 2487 810 2550 quum
820 2479 852 2529 et
864 2465 995 2531 ecclesia
1007 2477 1118 2531 utatur
1124 2470 1199 2552 jure
1210 2469 1339 2555 pupilli,
1348 2482 1377 2532 et

427 2568 457 2631 ei
469 2567 621 2632 beneficio
632 2567 763 2630 minoris
774 2567 878 2631 aetatis
889 2566 1003 2632 debeat
1015 2570 1186 2633 subveniri.
1224 2568 1375 2636 Monachi

427 2691 504 2732 vero
529 2683 658 2756 paetum
689 2668 906 2746 intervenisse,
933 2668 1037 2732 modis
1066 2670 1214 2734 omnibus
1245 2674 1378 2756 probare

427 2771 623 2849 nitebantur,
639 2770 852 2857 producentes
868 2773 952 2836 viros
967 2771 1085 2858 plnres,
1101 2774 1159 2859 qui
1175 2776 1377 2839 assertionem

426 2895 536 2937 eorum
552 2894 610 2937 suo
626 2869 775 2936 volebant
796 2872 976 2937 testimonio
997 2873 1157 2949 roborare,
1173 2887 1205 2938 et
1227 2875 1376 2959 quoniam

426 2974 466 3039 de
480 2986 671 3062 paupertate
690 2971 830 3037 ecclesia
849 2988 998 3038 causatus
1020 2972 1135 3050 fuerat,
1151 2976 1179 3036 ei
1196 2983 1238 3038 20
1262 2976 1378 3042 solidos

425 3099 547 3140 annuos
557 3077 622 3139 sine
633 3073 718 3137 omni
731 3095 835 3148 onere,
847 3074 924 3136 dum
935 3074 1000 3138 illis
1015 3075 1176 3138 ecclesiam
1193 3075 1234 3139 ad
1253 3089 1379 3166 lempna

425 3176 576 3256 traderet,
590 3172 831 3259 promittebant.
887 3172 1024 3249 Quidam
1050 3196 1125 3237 vero
1140 3176 1282 3239 volentes
1297 3181 1378 3246 inter

426 3300 480 3342 cos
509 3298 706 3363 componere,
739 3282 781 3337 40
811 3273 929 3339 solidos
959 3298 1092 3351 annuos,
1124 3278 1264 3342 deducto
1294 3285 1378 3348 omni

425 3402 531 3455 onere,
546 3378 623 3442 dum
646 3375 709 3439 illis
727 3374 888 3439 ecclesiam
910 3375 1050 3453 eederet,
1065 3379 1253 3457 offerebant,
1275 3387 1375 3467 parati

425 3503 521 3565 super
543 3478 603 3541 hoc
631 3477 762 3540 idoneos
787 3476 989 3562 fidejussores
1011 3477 1096 3541 dare.
1157 3483 1251 3558 Quod
1276 3509 1375 3571 quum

427 3580 630 3648 Humfredus
659 3578 798 3663 recipere
827 3578 1001 3659 videretur,
1027 3581 1138 3645 habito
1168 3583 1376 3653 incontinenti

423 3683 569 3749 advocati
598 3683 647 3745 sui
677 3683 916 3765 amicorumque
946 3682 1087 3761 consilio,
1120 3686 1242 3767 resiliit,
1269 3690 1376 3755 dicens

425 3809 488 3850 non
514 3808 581 3849 esse
604 3798 711 3848 tutum
736 3807 769 3846 se
792 3784 838 3845 eis
860 3783 969 3869 aliquo
990 3786 1086 3849 modo
1103 3811 1169 3852 rem
1194 3812 1283 3854 suam
1305 3815 1375 3856 con-

425 3887 533 3962 fidere,
549 3889 605 3971 qui
620 3907 692 3949 eum
708 3884 837 3948 omnino
852 3885 966 3970 ejicere
990 3887 1218 3955 moliebantur:
1244 3914 1375 3976 praeser·

426 3990 484 4053 tim
511 4012 612 4076 quum
637 3989 678 4052 ab
704 3987 749 4050 eis
779 3997 868 4051 tanto
893 4010 988 4071 opere
1014 4005 1214 4072 gravaretur,
1243 4009 1278 4060 ut
1309 4018 1375 4082 pra

425 4092 538 4157 timore
560 4089 786 4154 monachorum
810 4088 837 4150 ei
859 4090 967 4152 nullus
987 4092 1159 4156 amicorum
1181 4117 1309 4161 suorum
1327 4098 1374 4163 rel

426 4196 554 4259 testium
578 4191 695 4256 audeat
715 4190 870 4265 assistere,
887 4191 940 4254 sod
964 4205 996 4254 et
1018 4207 1140 4278 patrem
1157 4218 1251 4261 suum
1268 4215 1375 4266 contra

424 4297 529 4383 ipsum
548 4294 653 4358 venire
669 4290 910 4375 compellerent:
937 4293 1021 4358 unde
1037 4296 1077 4358 ad
1094 4312 1231 4363 vestram
1247 4301 1374 4367 audien·

426 4401 501 4464 tiam
516 4393 702 4484 appellavit,
716 4392 799 4459 diem
817 4395 986 4480 praefigens
1002 4397 1119 4462 festum
1137 4400 1339 4487 Epiphaniae.
