3034 5500
288 744 398 826 tlon]
672 763 852 808 aristosa.
1178 750 1237 807 281

281 936 404 980 motam
428 915 560 995 faciunt,
574 916 651 980 mihi
674 936 777 999 nuper
799 916 1004 996 scripserunt,
1021 936 1054 978 se
1071 937 1090 978 a
1105 916 1236 998 quibus-

278 1013 354 1079 dam
378 1016 581 1098 rumigerulis
603 1018 779 1102 accepisse,
803 1014 890 1100 quod
913 1036 970 1078 vos
992 1018 1076 1079 lecto
1102 1014 1233 1079 decum-

282 1117 357 1179 here
389 1119 591 1202 compulerat
621 1116 789 1198 aegritudo,
817 1138 911 1201 quam
942 1138 1006 1179 uon
1036 1129 1159 1192 natura,
1184 1118 1234 1180 val

283 1218 411 1294 solitus,
426 1227 463 1281 ut
480 1219 527 1294 fit,
542 1220 730 1284 humanitus
746 1241 840 1282 casus
856 1220 1017 1295 intulerat,
1031 1217 1089 1281 scd
1112 1218 1238 1282 malicia

280 1319 510 1397 veneficorum,
537 1321 590 1405 qni
616 1319 737 1398 (nescio
763 1320 855 1404 cujus
880 1319 1047 1398 instinctu)
1075 1320 1177 1396 vobis,
1203 1333 1236 1383 et

279 1418 410 1483 cuidam
425 1420 492 1484 viro
512 1421 662 1502 religioso
682 1422 827 1484 toxicum
851 1420 1054 1483 miscuerunt.
1101 1419 1232 1483 Dictum

278 1532 378 1584 estet
393 1520 479 1605 qnod
496 1522 608 1586 cirilla
631 1523 799 1603 religiosus
818 1543 858 1583 ex
885 1542 923 1584 ea
945 1541 1043 1583 cansa
1058 1521 1127 1603 jam
1143 1522 1232 1585 obiit.

278 1624 366 1697 Quia
380 1645 456 1707 ergo
471 1625 622 1690 invidiam
644 1624 855 1709 quorumdam
871 1624 961 1686 robis
981 1623 1233 1687 cohabitantium

279 1747 301 1788 a
315 1726 425 1790 multis
439 1725 555 1791 diebus
570 1727 744 1804 audieram,
760 1737 793 1790 et
807 1726 940 1789 aliorum
961 1746 1108 1788 noveram
1125 1725 1235 1788 crude-

279 1827 414 1906 litatem,
434 1830 661 1893 nonnullorum
683 1829 778 1892 etiam
806 1826 914 1891 audax
938 1825 1070 1889 ambitio
1089 1827 1175 1889 venit
1199 1828 1234 1890 in

279 1937 433 2003 mentem,
455 1929 567 2007 timui,
584 1939 616 1993 et
641 1931 750 2007 timeo,
776 1941 809 1993 et
834 1927 937 1990 donec
960 1925 1074 1989 veritas
1096 1926 1168 2009 ipsa
1193 1927 1235 1990 sit

280 2025 401 2089 certius
421 2029 599 2112 explorata,
619 2029 740 2093 timebo
763 2048 859 2115 snpra
880 2025 1021 2102 modum,
1042 2047 1084 2089 ne
1106 2025 1234 2090 diabolo

280 2136 314 2190 et
328 2129 452 2210 angelis
465 2130 545 2214 ejus,
562 2132 617 2214 qni
632 2129 729 2193 modo
748 2130 813 2193 fere
833 2150 891 2213 pro
905 2128 1000 2192 libitu
1015 2128 1048 2191 iu
1064 2129 1234 2192 ecclesiam

281 2227 537 2310 debacchantur,
563 2247 695 2296 eatenus
720 2233 753 2294 in
779 2233 883 2295 bonos
912 2231 1023 2295 saevirc
1049 2251 1237 2295 concessum

282 2332 333 2394 sit
384 2332 469 2395 Ante
500 2334 629 2417 quidem
656 2335 822 2397 timueram
852 2356 894 2397 ne
924 2345 1061 2396 castrum
1092 2333 1236 2396 ecclesiae

282 2433 375 2496 vobis
393 2434 579 2511 auferretur,
594 2458 636 2499 ne
652 2459 708 2500 vos
729 2437 825 2499 bonis
841 2437 953 2499 vestris
973 2435 1077 2519 iniqui
1099 2435 1236 2517 proscri-

281 2533 404 2610 berent,
420 2557 461 2598 na
484 2536 531 2599 illi
554 2539 609 2621 qui
630 2538 723 2600 libito
746 2548 916 2620 coaequant
936 2537 1072 2611 licitum,
1094 2537 1233 2618 compel-

282 2637 385 2700 lerent
404 2649 438 2701 et
458 2660 515 2701 ros
540 2641 685 2703 ecclesiae
716 2640 793 2702 filiis
819 2648 851 2701 et
874 2637 1025 2700 fidelibus
1053 2638 1233 2700 coexulare.

280 2740 347 2804 Sed
367 2762 456 2819 ecce,
472 2741 606 2806 duorum
631 2745 778 2807 timorum
802 2743 887 2806 circa
908 2738 1046 2803 crrndem
1069 2740 1234 2804 dominum

279 2851 314 2903 et
323 2841 463 2906 amicum
474 2843 575 2927 major
586 2844 732 2925 denigrat
744 2853 776 2906 et
787 2842 919 2906 omnino
931 2842 1081 2903 absorbet
1091 2841 1235 2916 alterum,

280 2952 316 3004 ut
337 2940 471 3025 perinde
493 2943 581 3007 hunc
605 2944 763 3027 accipiam
778 2965 815 3006 ac
832 2943 860 3005 si
875 2941 1015 3004 animam
1038 2961 1139 3002 meam
1164 2961 1233 3022 per-

277 3052 419 3106 transeat
442 3044 579 3125 gladius,
606 3057 638 3109 et
662 3046 813 3109 humerus
843 3063 932 3106 meus
958 3043 1147 3126 ajunctura
1176 3062 1234 3106 sua

276 3142 385 3221 cadat,
399 3156 432 3207 et
445 3146 612 3209 brachium
628 3169 702 3211 cum
717 3146 844 3210 ossibus
867 3155 1056 3208 conteratur.
1101 3143 1233 3226 Spiritui

279 3266 350 3307 meo
364 3266 429 3308 non
446 3248 506 3310 erit
519 3250 656 3332 requies,
667 3248 769 3313 donec
786 3249 900 3311 veritas
915 3248 1031 3310 certius
1044 3246 1231 3310 innotescat.

279 3346 412 3411 Placeat
426 3347 535 3432 itaque
556 3349 734 3433 dignationi
750 3362 874 3427 vestrae,
889 3371 961 3433 quae
975 3350 1063 3413 circa
1077 3370 1133 3412 vos
1147 3358 1232 3425 sunt,

276 3447 337 3509 sub
349 3448 437 3510 omui
452 3450 614 3513 celeritate
625 3451 703 3513 mihi
716 3451 841 3514 interim
857 3449 1056 3513 certitudinis
1072 3445 1232 3512 desiderio

277 3547 444 3630 languenti
474 3550 674 3633 siguificare:
708 3565 741 3617 et
767 3554 794 3616 si
819 3574 876 3615 vos
900 3550 975 3635 ipsi,
997 3550 1086 3635 qnod
1110 3550 1230 3613 utinam

277 3650 371 3728 absit,
386 3650 461 3714 hnic
478 3652 628 3735 petitioni
649 3676 729 3718 mete
745 3675 857 3718 vacare
871 3674 937 3716 non
960 3653 1103 3736 potestis,
1117 3672 1231 3736 precor

276 3753 431 3816 attentius
461 3766 496 3816 nt
526 3755 683 3836 Magister
721 3756 909 3820 Scholanrm
938 3776 1008 3819 eam
1039 3776 1112 3818 cum
1143 3753 1230 3815 omni

277 3851 444 3936 diligentia
459 3867 491 3919 et
505 3856 706 3922 testinatione
721 3869 907 3942 exequatur.
