3034 5500
280 745 391 819 1166]
671 763 848 806 ems'rosa.
1173 753 1235 810 297

275 925 373 976 tenus
388 913 543 996 permittit
554 913 719 977 sinceritas
735 915 885 990 caritatis,
897 925 964 978 tota
974 928 1080 979 mente
1092 938 1235 994 reneror,

275 1028 309 1078 et
336 1017 525 1100 amplector,
552 1017 751 1099 persuadete,
779 1029 814 1080 ut
837 1016 934 1102 juxta
961 1018 1046 1101 quod
1074 1019 1237 1103 Propheta

276 1130 402 1194 monet,
417 1118 562 1181 reflectat
576 1119 689 1180 oculos
704 1120 820 1181 mentis
836 1119 877 1182 ad
898 1131 1020 1183 suaset
1042 1121 1163 1184 domini
1186 1123 1236 1185 sui

277 1220 357 1297 rias,
373 1232 406 1282 et
421 1231 520 1300 ponat
534 1241 590 1282 eor
604 1240 700 1301 super
715 1220 797 1296 illas,
812 1233 845 1284 et
859 1243 925 1284 non
947 1223 1063 1285 amodo
1086 1224 1237 1307 subjiciat

278 1321 311 1383 ei
342 1321 464 1398 mollia,
494 1341 626 1403 sperans
656 1321 687 1382 in
718 1322 841 1384 incerto
872 1321 1051 1386 divitiarum
1082 1336 1114 1386 et
1143 1326 1237 1390 variis

278 1422 494 1485 lenocinantis
534 1422 667 1484 sortunae
709 1423 946 1501 blandimentis,
981 1425 1236 1510 memineritque,

279 1523 370 1607 quod
386 1523 519 1586 summis
534 1536 686 1604 negatum
708 1535 756 1585 est
779 1536 859 1586 stare
883 1524 948 1600 diu,
963 1537 996 1587 et
1017 1537 1090 1588 ante
1112 1527 1234 1589 minam

279 1625 443 1687 exaltatur
473 1645 537 1686 cor.
597 1625 683 1686 Nam
721 1635 1013 1709 quantumcumque
1048 1625 1236 1704 dissimulet,

280 1726 371 1788 novit
386 1726 577 1788 sententiam
594 1726 741 1808 pastoris,
758 1725 848 1809 justa
864 1726 905 1788 sit
920 1748 960 1788 an
975 1727 1105 1809 injusta,
1121 1728 1235 1790 timen-

279 1825 356 1888 dam
372 1848 453 1888 esse.
491 1826 577 1898 Quid
593 1825 715 1889 multa?
740 1828 767 1890 si
782 1838 888 1910 potest
905 1828 985 1891 Loth
1001 1850 1071 1891 esse
1083 1829 1117 1891 in
1134 1829 1235 1892 Sodo-

279 1927 354 2006 mis,
366 1927 491 2010 Joseph
507 1928 539 1990 in
556 1929 628 1990 aula
651 1929 838 2004 Pharaonis,
855 1928 952 1991 Cusai
967 1929 1000 1991 in
1017 1930 1186 2012 colloquiis
1203 1943 1235 1993 et

280 2027 425 2090 consiliis
441 2029 594 2104 Absalon,
613 2029 733 2091 Abdias
748 2029 782 2091 in
802 2029 957 2112 obsequio
973 2030 1086 2092 Achab
1102 2040 1135 2092 et
1157 2050 1232 2093 con-

279 2128 379 2212 sortio
393 2126 539 2202 Jezabel,
555 2130 582 2190 si
600 2131 716 2191 Daniel
732 2131 763 2192 in
789 2131 973 2211 Babylone:
1004 2131 1080 2193 illuc
1104 2132 1235 2193 salubri·

281 2245 329 2293 ter
352 2229 411 2292 tibi
434 2245 465 2292 et
487 2230 550 2292 illis
573 2230 795 2313 proficisceris,
818 2232 935 2315 quibus
960 2232 1179 2314 persuadebis,
1201 2246 1237 2296 ut

281 2331 467 2395 custodiant
490 2332 718 2403 innocentiam,
741 2332 925 2396 strideant
949 2335 1139 2416 aequitatem,
1155 2356 1235 2418 quo·

279 2432 371 2494 niam
385 2443 460 2495 sunt
474 2432 614 2515 reliquiae
630 2432 750 2495 bomini
767 2433 924 2516 pacifico:
956 2445 988 2496 et
1003 2455 1102 2518 quum
1124 2435 1235 2518 injusti

280 2533 375 2594 simul
386 2531 579 2615 dispereant,
591 2533 842 2617 salusjustornm
853 2543 1071 2616 expectatura
1083 2533 1236 2613 Domino,

280 2634 337 2716 qni
361 2633 466 2697 fidelis
488 2644 538 2697 est
560 2634 592 2696 in
616 2635 790 2718 promissis,
806 2644 839 2697 et
861 2634 981 2697 electos
997 2655 1072 2696 suos
1091 2656 1186 2718 supra
1200 2634 1235 2699 id

281 2735 372 2819 qnod
394 2746 538 2820 possunt,
562 2737 676 2800 tentari
701 2758 766 2799 non
790 2735 918 2818 patitur,
939 2735 996 2799 sed
1019 2737 1066 2800 eis
1089 2737 1237 2802 universa

282 2852 494 2923 cooperantur
517 2839 549 2901 in
576 2840 706 2903 bonum.
757 2838 825 2901 Iter
849 2850 882 2901 et
907 2849 997 2902 actus
1023 2850 1095 2903 tuos
1120 2837 1236 2922 dirigat

285 2942 454 3005 Dominus.

285 3188 505 3251 EPISTOLA
529 3188 803 3252 OLXXXL-sn
819 3205 972 3249 eunoun,
1010 3186 1055 3265 [s.
1074 3205 1105 3248 o.
1124 3188 1232 3268 troo]

528 3320 693 3400 Moqistro
709 3320 856 3396 aarum
873 3320 988 3400 Niqro.

328 3449 432 3510 qus
459 3457 492 3510 et
516 3445 644 3510 devotio
672 3458 726 3510 tus
748 3447 963 3509 testimonium
990 3448 1112 3513 habent
1133 3449 1235 3535 majus

283 3552 421 3623 Joanne,
448 3570 520 3632 quae
550 3570 615 3611 non
646 3551 812 3612 verborum
842 3549 987 3633 strepitu,
1017 3548 1074 3614 sed
1103 3572 1235 3634 operum

284 3651 483 3714 exhibitione
500 3651 690 3713 clarescunt.
736 3650 819 3712 Nam
843 3662 875 3712 et
889 3649 912 3710 J
915 3671 988 3714 esus
1003 3651 1128 3727 veritas,
1145 3652 1237 3735 cujus

284 3752 405 3813 utinam
430 3750 476 3812 sic
499 3749 674 3813 imitatores
694 3750 804 3827 simus,
824 3750 908 3813 sicut
929 3771 1040 3813 sumus
1063 3762 1095 3815 et
1118 3752 1236 3833 profes·

285 3874 383 3930 sores,
399 3852 635 3915 attestationem
651 3873 785 3934 operum
798 3851 820 3913 J
822 3853 935 3915 oannis
958 3848 1140 3916 testimonio
1155 3874 1235 3936 prm-

285 3956 354 4034 fert,
368 3976 433 4017 non
450 3954 511 4016 boc
537 3954 667 4037 quidem
684 3951 904 4015 condemnans
927 3964 962 4016 ut
983 3953 1165 4036 reprobum,
1180 3956 1238 4019 sed

284 4054 317 4118 id
340 4066 492 4139 tanquam
515 4053 712 4136 probabilius
735 4053 784 4115 sni
807 4053 992 4117 innocentia
1014 4055 1136 4117 censuit
1157 4076 1238 4139 proe·

286 4157 461 4222 serendum.
514 4154 680 4239 Siquidem
710 4175 808 4238 opera
837 4154 991 4241 cujusque
1022 4157 1238 4221 testimouium

285 4261 456 4340 perhibent
471 4257 511 4319 de
526 4279 582 4320 eo:
614 4266 647 4319 et
669 4257 772 4332 arbor,
787 4278 847 4320 nec
864 4257 970 4319 exsui
995 4253 1183 4340 proceritate
1206 4267 1239 4320 et

285 4360 409 4435 robore,
421 4380 480 4421 nec
498 4380 538 4421 ex
555 4378 710 4420 ramorum
727 4358 927 4421 multitudiue
943 4370 974 4420 et
990 4369 1164 4433 venustate,
1175 4378 1236 4420 nec
