3034 5500
277 778 476 859 llos-60]
663 795 842 841 asrsross.
1188 785 1229 842 48

274 960 454 1012 maternum
480 968 606 1032 semper
628 945 786 1033 impendit
808 946 970 1023 affectum,
990 959 1023 1011 et
1043 946 1076 1010 in
1097 951 1230 1011 necessi·

274 1047 398 1112 tatibus
424 1045 491 1112 suis
515 1044 620 1111 multa
644 1045 774 1133 pietatis
801 1043 912 1112 solatia
936 1044 1135 1132 dignoscitur
1156 1068 1231 1111 con·

275 1146 403 1211 tulisse:
435 1145 498 1233 ipsi
526 1159 634 1212 autem
665 1168 724 1232 pro
754 1146 845 1210 bonis
868 1146 952 1212 mala
977 1146 1172 1223 retribuunt,
1198 1159 1231 1212 et

275 1259 456 1333 quaerentes
487 1269 562 1333 quae
591 1245 653 1311 sua
682 1255 769 1320 sunt,
799 1252 932 1309 matrem
962 1268 1052 1311 suam
1089 1247 1232 1312 scindere

277 1348 462 1414 moliuntur.
509 1345 592 1411 Inde
607 1358 654 1411 est
669 1346 757 1433 quod
775 1346 952 1412 sanctitatis
967 1362 1081 1412 restrae
1095 1349 1232 1435 genibus

278 1449 454 1538 provoluti,
475 1461 597 1537 quanta
615 1448 785 1515 devotione
805 1471 984 1537 possumus,
1006 1452 1233 1538 supplicamus,

278 1567 314 1617 ut
351 1553 458 1639 gratia
487 1564 594 1616 restra
623 1562 707 1638 quae'
729 1552 895 1617 consuevit
929 1553 1043 1639 punire
1080 1556 1232 1639 ingratos,

279 1653 385 1718 sinum
406 1651 583 1718 clementias
602 1650 709 1737 dignis
726 1667 759 1717 et
780 1652 859 1716 bene
882 1652 1077 1717 merentibus
1098 1652 1232 1739 aperire,

278 1753 442 1818 ecclesiam
464 1751 680 1817 Morinensem
694 1751 867 1817 clementer
887 1752 1035 1838 respiciat
1052 1766 1084 1819 ct
1100 1769 1233 1826 conatus

283 1855 458 1920 manifesta¹
487 1853 671 1921 ambitionis
700 1867 845 1919 evacuet.
902 1853 1046 1919 Dexters
1075 1855 1234 1942 siquidem

282 1956 457 2044 apostolica
477 1971 599 2022 teneros
617 1957 832 2043 plantationes
851 1958 966 2045 gratim
987 1982 1054 2025 suas
1074 1959 1233 2025 beneficiis

283 2058 412 2146 irrigare
428 2059 602 2137 consuevit,
618 2073 655 2124 ut
671 2059 837 2147 proficiant
854 2072 884 2124 et
899 2083 1036 2137 omnem,
1049 2084 1088 2126 ne
1103 2085 1235 2127 marces-

282 2177 357 2228 cant
376 2177 433 2229 aut
454 2162 615 2241 deficiant,
637 2163 851 2227 concussionis
873 2164 1047 2229 molestiam
1068 2188 1232 2229 amovere:

284 2263 369 2351 quod
385 2263 528 2351 quidem,
544 2263 568 2329 si
583 2262 697 2350 placet,
714 2275 804 2328 tanto
821 2263 945 2348 justius
964 2265 1097 2343 facietis,
1113 2279 1235 2353 quanto

284 2364 463 2432 fiducialius
493 2379 641 2451 speratur
669 2365 757 2452 quod
785 2366 973 2432 venerabilis
1001 2368 1100 2434 frater
1129 2382 1237 2441 noster

286 2469 376 2548 Milo,
408 2470 465 2555 qui
497 2482 606 2533 sancto
641 2468 758 2536 Miloni
789 2469 821 2533 in
851 2469 1052 2556 episcopatus
1086 2471 1236 2537 successit

286 2569 403 2653 sedem,
419 2571 451 2636 in
468 2569 666 2636 sanctitatem
684 2593 814 2658 quoque
829 2573 977 2638 succedet
992 2586 1024 2637 ct
1040 2576 1202 2640 virtutem.

456 2906 676 2970 EPISTOLA
700 2906 898 2969 XLIL-sn
913 2921 1066 2967 annnam.

524 3041 664 3106 Domino
679 3042 786 3125 Pupae
800 3039 993 3106 Aleuumlro.

329 3175 463 3248 Qusurr
491 3172 700 3251 melacium,
727 3173 782 3258 qui
812 3195 845 3237 se
871 3173 950 3237 meis
976 3170 1123 3258 precibus
1150 3174 1236 3260 apud

288 3273 484 3359 majestatem
505 3286 641 3337 vestram
663 3272 830 3339 confidunt
853 3294 945 3358 posse
961 3271 1092 3360 jurari!
1115 3272 1236 3339 utinam

287 3371 364 3436 milri
379 3371 437 3437 fist
460 3371 634 3436 secundum
651 3371 748 3437 verba
767 3376 893 3438 eorum!
932 3372 977 3438 Et
999 3371 1129 3459 quidem
1150 3374 1237 3461 apud

288 3495 345 3538 vos
380 3471 573 3538 fiducialiter
603 3495 676 3559 ago,
708 3494 769 3537 non
800 3471 840 3536 de
870 3495 1012 3538 meorum
1049 3476 1239 3541 conscientia

290 3573 489 3651 meritorum,
520 3573 575 3639 sed
605 3572 645 3638 de
672 3587 777 3639 vestra
805 3575 1005 3659 benignitate
1033 3598 1239 3661 praesumens,

288 3698 411 3762 semper
432 3678 636 3742 reminiscens
654 3698 727 3740 cum
746 3676 868 3763 gaudio
887 3690 919 3741 et
941 3675 1148 3754 exultatione,
1164 3702 1239 3765 quae

288 3791 508 3863 processerunt
525 3778 565 3842 de
578 3777 670 3843 labiis
682 3778 803 3858 vestris,
812 3778 942 3863 quando
958 3780 1120 3845 Ferentini
1136 3804 1240 3845 arcam

288 3880 488 3955 futurorum,
514 3879 670 3944 annulum
697 3879 861 3967 proprium
889 3879 967 3944 mibi
991 3881 1182 3961 contulistis,
1208 3898 1240 3947 et

289 3979 441 4045 balteum.
489 3982 544 4046 Ab
569 3981 625 4044 illo
650 4004 727 4067 ergo
751 3980 803 4045 die
830 3985 955 4067 speravi
979 4005 1103 4069 semper
1124 3983 1155 4047 in
1183 3984 1242 4064 his,

288 4082 352 4146 scio
368 4105 424 4167 per
438 4083 686 4148 misericordiam
703 4083 833 4149 Domini
850 4096 999 4163 vestram,
1012 4086 1161 4172 quoniam
1178 4109 1240 4151 nou

288 4183 478 4249 confundar.
525 4187 577 4249 Ex
599 4198 676 4249 tunc
696 4186 779 4249 lator
801 4186 1006 4272 praesentium
1026 4187 1145 4251 amicus
1163 4186 1242 4249 mibi

289 4286 410 4364 extitit,
442 4286 515 4351 licet
545 4287 637 4351 bonoe
672 4288 830 4353 memorias
870 4289 1011 4353 Henrico
1048 4286 1241 4354 Eboracensi

291 4386 543 4474 archiepiscopo,
566 4390 621 4473 qui
646 4412 695 4453 me
719 4392 981 4475 persequebatur,
1005 4405 1041 4455 ut
1069 4388 1165 4464 scitis,
1187 4386 1242 4449 ad-
