3034 5500
141 759 316 838 tiro-sq
542 774 719 819 cataronis.
1063 764 1104 822 85

138 927 361 993 Alexandrum
388 926 431 990 de
462 923 613 988 Draitona
636 936 669 988 et
694 923 874 990 Raduli’um
900 939 1099 1004 extraneum,

137 1028 335 1115 appellatum
347 1026 428 1103 suit,
441 1026 474 1089 in
487 1022 707 1111 praejudicium
720 1024 906 1107 Alexandri,
917 1041 1100 1116 contempta

138 1130 329 1196 auctoritate
345 1139 470 1204 nostra,
486 1124 607 1213 aliquid
622 1148 720 1191 ausus
742 1149 777 1191 es
796 1126 956 1194 innovare.
1002 1130 1099 1194 Unde

138 1230 195 1296 tibi
210 1229 434 1319 praecipiendo
447 1227 644 1309 mandamus,
655 1243 816 1315 quatenus
830 1230 976 1316 proxima
988 1231 1100 1297 Domi·

138 1334 217 1411 nica,
227 1357 294 1421 qua
305 1332 504 1408 cantabitur,
519 1334 661 1397 Caritate
670 1332 821 1408 Domino,
831 1345 941 1398 nostro
952 1356 1099 1420 conspec-

139 1437 185 1500 tui
201 1458 371 1523 appareas,
386 1455 597 1519 responsurus
612 1445 789 1499 memorato
805 1436 993 1500 Alexandro
1007 1450 1039 1501 et
1055 1437 1099 1500 R.

141 1538 231 1603 fratri
242 1539 329 1625 ejus,
340 1537 381 1602 de
391 1533 607 1601 inobedientia
618 1547 650 1598 et
662 1547 849 1622 contemptu
861 1535 981 1600 domini
996 1560 1099 1625 papie,

140 1654 171 1705 et
182 1653 305 1715 nostro,
316 1656 349 1705 et
360 1633 605 1726 participatione
617 1637 1017 1723 sacrilegii,anathematis:
1041 1639 1101 1704 boc

143 1765 275 1829 quoque
299 1740 468 1827 provideas
494 1761 534 1803 ne
556 1738 743 1824 multiplicis
767 1739 1014 1817 incontinentiae,
1036 1763 1103 1826 qua

144 1867 260 1908 nomen
277 1857 369 1907 tuum
379 1843 516 1907 sinistrae
524 1841 618 1906 famae
628 1864 738 1905 rumor
747 1841 891 1928 aspersit,
903 1841 992 1927 quod
1007 1843 1102 1908 mini·

144 1968 196 2010 me
208 1959 371 2031 optamus,
381 1968 451 2010 reus
462 1943 641 2009 inveniaris.
670 1945 737 2008 Nos
748 1944 830 2007 enim
844 1958 949 2009 tantos
958 1967 1101 2010 excessus

144 2047 311 2133 praeterire
327 2067 388 2111 non
401 2050 574 2132 poterimus
589 2045 791 2124 incorrectos,
802 2069 841 2110 nc
856 2070 895 2111 ex
908 2047 1101 2135 negligentia

143 2149 237 2215 officii
261 2148 362 2216 nomi
382 2149 514 2234 gravius
535 2148 744 2233 corripiamur
758 2148 800 2212 ab
822 2173 870 2226 eo,
885 2151 972 2236 apud
992 2172 1101 2237 quem,

144 2253 224 2318 sicut
241 2275 300 2317 nec
315 2273 497 2327 munerum,
512 2251 559 2315 ita
573 2272 635 2314 non
651 2263 698 2314 est
714 2252 856 2336 acceptio
870 2274 1085 2337 personarum.

195 2419 423 2486 EPISTOLA
443 2421 691 2484 xxx1V.-in
705 2441 860 2485 rosunum
876 2442 1042 2488 russina.

553 2541 693 2586 saonae.

340 2643 467 2706 dmum·
481 2642 685 2705 thesaurario
698 2642 908 2707 Eborocensi.

188 2764 277 2828 Posr
298 2760 471 2824 discessum
492 2759 633 2846 magistri
650 2760 806 2824 Wiiielmi
824 2774 856 2825 et
873 2762 968 2838 Rau,
985 2763 1103 2846 quibus

147 2862 325 2948 negotium,
341 2861 382 2925 de
404 2882 472 2947 quo
489 2859 615 2947 loquuti
640 2883 762 2938 sumus,
778 2860 879 2923 muita
901 2882 1031 2946 precum
1056 2862 1103 2924 in·

147 2963 266 3032 mantia
279 2963 435 3039 commisi,
452 2963 633 3028 Norwicum
650 2962 812 3048 proiectus
826 2982 909 3038 sum,
925 2960 1034 3046 ibique
1051 2984 1103 3024 ne-

147 3067 271 3152 gotium
299 3078 441 3131 vestrum
472 3080 593 3153 quanta
618 3067 763 3152 oportuit
789 3064 957 3129 devotione
982 3078 1015 3128 et
1041 3064 1105 3130 fide

146 3167 241 3254 gessi.
289 3165 365 3231 Mea
383 3189 461 3252 ergo
474 3165 637 3243 instantia,
652 3179 684 3229 et
708 3165 882 3231 amicorum
908 3178 1102 3244 nostrorum,

148 3268 284 3333 Joannis
307 3268 463 3345 monachi,
478 3280 511 3333 et
537 3266 686 3353 Magistri
714 3268 768 3345 Ν.,
783 3267 872 3355 quod
891 3268 981 3333 vobis
1006 3269 1102 3335 debe-

149 3368 247 3435 batur
259 3391 280 3433 a
294 3368 425 3434 domino
441 3368 634 3436 Norwicensi
649 3369 787 3451 obtinui,
802 3370 875 3435 licet
890 3371 944 3436 iile
959 3371 1000 3435 de
1016 3374 1105 3437 vobis

150 3471 324 3557 plurimum
344 3484 610 3558 conquereretur,
634 3485 666 3537 et
692 3472 776 3538 forte
800 3474 922 3538 merito.
970 3475 1106 3541 Dicebat

150 3576 230 3641 eninr
246 3574 338 3662 quod
353 3596 455 3661 quum
472 3574 555 3638 inter
575 3574 693 3639 amicos
709 3598 765 3639 ros
788 3576 986 3663 praecipuum
1012 3600 1105 3665 repu-

151 3690 245 3758 uret,
268 3676 357 3743 solus
379 3678 410 3741 in
438 3676 633 3740 necessitatis
655 3677 790 3742 articulo
812 3678 853 3742 ab
875 3701 913 3741 eo
934 3678 1105 3745 defecistis.

152 3778 224 3844 Hoc
254 3793 363 3843 autem
393 3778 529 3861 contigit
558 3800 659 3863 quum
691 3781 751 3844 sub
782 3779 963 3845 discrimine
993 3782 1106 3867 capitis

150 3880 305 3946 adversm
333 3878 589 3944 archidiaconum
620 3901 713 3944 suum
743 3880 776 3944 in
807 3903 931 3946 summo
966 3883 1106 3960 honoris,

150 3996 181 4047 et
192 3979 288 4047 iamoe
302 3979 446 4068 periculo
458 3980 633 4048 dimicaret.
673 3983 841 4068 Urgebant
857 3983 942 4050 mala
954 3986 1108 4072 undique,

152 4083 224 4149 hinc
238 4082 414 4148 auctoritas
426 4082 610 4169 apostolica,
627 4084 700 4149 inde
715 4086 863 4172 majestas
877 4085 971 4170 regis.
1019 4090 1108 4152 Alte·

152 4206 234 4261 rum,
262 4182 416 4271 potestati
441 4181 586 4246 faventes
610 4184 758 4271 sanguini
787 4186 857 4270 ejus
884 4185 1026 4271 undique
1052 4187 1109 4250 im-

152 4286 329 4363 minebant,
360 4295 404 4359 et,
432 4282 520 4369 quod
551 4287 756 4369 perniciosius
788 4288 967 4371 reputabat,
991 4286 1109 4350 inimici

156 4386 295 4453 hominis
309 4385 479 4451 domestici
495 4386 574 4469 ejus.
619 4388 806 4452 Amicorum
830 4401 906 4451 tunc
930 4386 1113 4472 imploravit

608 4496 662 4551 οἳ
