3034 5500
266 755 334 812 ³0⁰
523 761 665 806 massis
677 758 959 805 musalms
1135 740 1178 818 [t.
1194 761 1220 803 n.

357 940 432 980 nam
451 938 538 997 rege,
551 929 585 979 et
606 931 672 977 tam
693 914 766 985 isto,
782 933 880 995 qnam
903 912 980 973 aliis
1003 911 1149 973 omnibns
1168 933 1218 973 ex·

268 1019 513 1081 communicatis
527 1020 592 1078 sint
605 1017 706 1099 aliqui
719 1016 777 1076 riri
793 1013 947 1075 timentes
970 1013 1158 1086 Dominum,
1172 1013 1219 1095 qui
1235 1018 1246 1035 '

268 1139 326 1182 eos
339 1119 535 1181 familiariter
547 1130 583 1180 et
595 1118 702 1179 amice
715 1128 859 1178 statuant
871 1127 989 1176 contra
1004 1115 1117 1177 t'aciem
1131 1136 1221 1190 mmm,

266 1236 301 1282 et
312 1234 463 1282 revocent
474 1221 517 1282 ab
532 1219 751 1301 impietatibus
761 1218 838 1278 stris.
875 1215 977 1290 Quod
992 1217 1020 1278 si
1035 1216 1090 1278 ille
1104 1227 1145 1291 te,
1155 1217 1222 1298 quia

270 1320 473 1385 Christianus
486 1343 532 1396 es,
549 1342 661 1382 rocam
680 1319 849 1393 destiterit,
862 1318 1029 1393 Christus,
1042 1338 1138 1399 quem
1152 1317 1182 1379 in
1197 1328 1224 1379 te

268 1421 350 1495 odit,
375 1421 582 1504 dispendium
607 1422 671 1483 hoc
697 1418 849 1482 facillime
878 1430 914 1480 et
941 1419 1140 1494 felicissime,
1165 1418 1220 1479 nisi

269 1524 384 1586 merita
408 1535 465 1586 tua
488 1522 699 1607 praepediant,
723 1522 841 1604 poterit
865 1541 1094 1602 compensare.
1137 1520 1222 1583 Salus

270 1625 359 1687 euim
369 1626 530 1708 justornm
543 1646 564 1686 a
580 1620 722 1686 Domino
732 1636 793 1695 est,
803 1623 861 1705 qui
873 1623 1020 1704 protegit
1034 1643 1092 1683 eos
1105 1623 1136 1683 in
1151 1634 1222 1682 tem·

269 1746 348 1807 pore
364 1725 592 1788 tribulationis.

267 1969 491 2033 EPISTOLA
529 1971 825 2034 cmm-an
857 1986 1009 2030 raom
1043 1985 1219 2030 caxrsam·

405 2089 518 2132 susara
533 2087 839 2162 aucurpmscoesrr.
862 2065 910 2148 [s.
925 2089 957 2131 n.
978 2069 1089 2148 lton]

471 2211 612 2271 Domino
629 2210 757 2271 Home
775 2210 1025 2271 Castrorienei.

312 2335 364 2396 Ea
373 2334 438 2396 sere
454 2335 563 2397 omnia
573 2356 645 2417 quae
660 2336 740 2397 mihi
752 2351 855 2397 restra
868 2336 1065 2416 significarit
1078 2337 1223 2416 dignatio,

270 2437 355 2499 sama
380 2432 565 2516 divulgante
590 2435 766 2512 audieram,
790 2435 847 2498 sed
872 2437 1067 2499 auctoritate
1090 2439 1223 2499 nominis

273 2537 366 2600 vestri
395 2538 480 2600 facta
508 2549 585 2601 sunt
613 2538 767 2614 certiora3
804 2559 844 2601 ea
872 2559 951 2618 ergo
980 2560 1045 2600 non
1078 2551 1221 2620 tanquam

271 2650 358 2703 certa
380 2639 439 2702 sed
465 2640 552 2701 reiut
578 2639 687 2703 audita
708 2661 766 2723 per
793 2641 902 2703 literas
933 2661 1023 2702 meas
1045 2641 1220 2721 significari

273 2740 403 2805 domino
425 2741 632 2819 pictaviensi,
647 2741 781 2826 adjectis
795 2742 836 2804 iis
851 2764 924 2826 quta
944 2741 986 2805 de
1002 2743 1130 2822 Angliae
1144 2755 1224 2806 statu

273 2843 448 2920 audieram,
466 2864 582 2925 rogans
604 2845 756 2908 attentius
771 2852 806 2905 ut
820 2844 914 2905 robis
937 2864 1034 2925 super
1055 2844 1126 2906 haec
1150 2867 1224 2908 con·

274 2946 379 3008 silium
410 2946 508 3008 daret
568 2947 622 3008 Ex
659 2967 723 3030 qno
752 2966 828 3008 vero
864 2966 923 3027 per
952 2947 1077 3009 litteras
1108 2962 1224 3010 vestras

274 3048 461 3111 certioratus
476 3069 557 3124 sum,
571 3048 659 3111 illico
674 3069 745 3110 cnm
767 3046 879 3110 amicis
894 3048 1018 3122 restria,
1033 3047 1075 3110 de
1090 3069 1223 3130 quorum

273 3150 454 3211 sinceritate
478 3170 542 3211 non
566 3149 690 3226 dubito,
711 3148 858 3211 adhibito
882 3150 1038 3230 Magistro
1064 3150 1223 3232 Philippo,

273 3249 395 3314 contuli
418 3272 514 3335 super
535 3253 665 3332 nogotio
680 3264 797 3323 vestro,
819 3252 900 3315 nulli
922 3264 1029 3315 tamen
1052 3251 1224 3314 osteudens

272 3355 526 3417 transmissarum
550 3356 641 3418 robis
662 3356 813 3438 exempla
838 3356 1025 3417 litterarum.
1071 3355 1117 3416 Et
1138 3355 1221 3425 licet,

271 3466 305 3519 ut
320 3456 596 3539 praescripseratis,
605 3457 785 3539 singulatim
798 3457 1005 3520 convenerim
1017 3457 1139 3519 amicos
1150 3476 1221 3515 nos-

271 3566 346 3633 tros,
360 3555 510 3618 abbatem
531 3557 655 3621 scilicet
677 3558 783 3620 sancti
803 3557 955 3638 Remigii,
977 3569 1011 3619 et
1032 3557 1221 3638 Magistrum

272 3658 447 3722 Fulconem
478 3669 510 3723 et
540 3659 728 3741 Magistrum
757 3659 945 3735 Radulfum,
975 3680 1090 3721 omnes
1118 3670 1222 3720 tamen

271 3783 338 3824 non
361 3759 459 3824 modo
482 3761 515 3823 in
542 3761 679 3825 eundem
706 3782 845 3839 sensum,
870 3760 928 3823 sed
953 3760 1020 3823 sere
1047 3761 1082 3822 in
1111 3759 1222 3822 eadem

271 3864 370 3925 verba
391 3876 620 3926 convenerunt.
665 3865 705 3925 ln
728 3883 854 3925 summa
879 3882 955 3944 ergo
982 3862 1093 3925 nullus
1116 3881 1222 3924 comm

272 3962 419 4025 inventus
440 3976 497 4042 est,
525 3965 579 4046 qui
603 3964 725 4027 domini
751 3985 845 4048 papae
869 3964 1007 4028 consilio
1033 3961 1224 4037 adversetur,

271 4083 445 4147 omnesque
466 4067 656 4130 unanimiter
676 4067 857 4150 approbant
875 4066 1049 4128 consilinm
1070 4063 1159 4148 quod
1172 4085 1224 4125 vo·

272 4165 323 4228 bis
344 4162 435 4227 dedit
460 4166 615 4231 Nicolaus
635 4168 848 4231 xenodochus
871 4167 1038 4241 Rothom.‚
1065 4168 1144 4230 licet
1163 4184 1221 4228 uec

271 4266 311 4331 do
326 4267 449 4344 litteris,
463 4289 524 4333 nec
541 4269 581 4333 de
597 4271 732 4334 consilio
747 4270 817 4354 ejus
832 4269 991 4333 audierint
1004 4269 1139 4352 aliquid.
1168 4270 1221 4330 At·

271 4369 433 4433 tendenda
447 4370 533 4433 enim
549 4382 598 4435 est
610 4373 760 4435 instantia
778 4371 941 4456 temporis,
957 4370 1104 4434 conditio
1118 4371 1222 4434 eccle·
