3034 5500
404 743 464 803 t·2·2
650 749 786 795 scaurus
802 746 1082 793 ssaasnamaxsrs
1256 725 1300 804 [s.
1318 744 1346 787 n.

397 926 496 991 quum
509 925 582 989 pars
597 901 730 964 adversa
741 897 930 962 sufficienter
941 897 1097 960 instructa
1110 892 1250 959 testibus
1261 914 1343 958 suam

397 1007 490 1072 vellet
497 1004 632 1069 fundare
645 998 859 1074 intentionem,
869 998 978 1063 territa
986 1010 1072 1061 metu
1086 1019 1182 1072 vano,
1188 1009 1222 1061 et
1229 995 1345 1084 impru-

397 1105 485 1172 denti
495 1105 626 1171 seducta
637 1101 781 1178 consilio,
791 1098 1003 1186 appellatione
1016 1113 1165 1163 nostrum
1180 1099 1344 1164 declinavit

396 1230 537 1275 examen.
571 1207 638 1270 Nos
652 1218 759 1269 autem
777 1203 843 1266 sedi
859 1200 1040 1286 apostolicae
1055 1214 1092 1265 ut
1104 1202 1252 1285 oportuit
1264 1201 1345 1265 dese·

396 1322 510 1383 rentes,
526 1307 684 1393 nosipsos
699 1303 817 1370 exinde
832 1327 851 1366 a
865 1303 1021 1368 decisione
1036 1317 1068 1367 et
1088 1302 1272 1389 cognitione
1286 1328 1348 1368 sus-

397 1409 574 1496 pendimus,
590 1409 689 1471 donec
705 1431 723 1470 a
739 1407 812 1470 sede
832 1417 936 1468 vestra
953 1427 1057 1468 causae
1078 1405 1177 1490 hujus
1190 1404 1345 1491 judicium

396 1512 543 1599 prodeat,
566 1523 623 1575 aut
640 1507 809 1594 judicandi
830 1506 1002 1571 auctoritas
1014 1507 1073 1570 ¹cui
1093 1510 1255 1591 placuerit
1268 1507 1348 1571 dele·

397 1628 504 1700 getur.
546 1613 680 1677 Interim
697 1612 737 1676 de
753 1610 858 1674 medio
873 1608 1019 1673 sublatus
1038 1621 1086 1672 est
1109 1608 1173 1692 piae
1190 1609 1348 1673 memoria

398 1718 543 1783 decessor
565 1728 668 1779 vester
689 1712 836 1777 dominus
864 1710 1033 1789 Adrianus,
1056 1724 1088 1774 et
1110 1709 1190 1775 dum
1215 1711 1349 1778 salvator

398 1821 542 1884 fidelium
564 1816 713 1902 precibus
741 1814 910 1887 excitetur,
933 1811 1143 1876 invalescente
1172 1813 1350 1878 schismatis

399 1921 539 1996 turbine,
555 1932 588 1983 et
603 1930 784 2001 emergente
795 1916 953 1980 collisione
965 1935 1148 1999 regnorum,
1160 1938 1252 1979 suam
1264 1918 1349 1980 Deus

398 2020 543 2106 permisit
566 2017 689 2082 turbari
706 2017 882 2093 ecclesiam,
897 2025 930 2079 et
950 2014 1038 2079 velut
1051 2015 1221 2101 interjecto
1243 2017 1350 2081 infide·

398 2121 477 2186 lium
492 2121 591 2195 obice,
614 2142 711 2206 quem
729 2123 817 2183 Deus
840 2119 986 2204 dissipet,
1001 2118 1097 2182 chaos
1111 2119 1348 2206 quodammodo

399 2222 481 2285 inter
496 2244 552 2284 vos
566 2235 597 2284 et
615 2243 670 2283 nos
686 2222 847 2284 firmatum
863 2237 922 2299 est,
938 2234 975 2285 ut
990 2221 1058 2284 sine
1078 2244 1196 2304 magno
1211 2220 1350 2308 periculo

398 2346 460 2389 uon
476 2336 582 2410 posset
598 2324 670 2407 quis
684 2322 725 2387 ab
740 2323 810 2387 aliis
824 2323 864 2386 ad
876 2323 953 2386 alios
968 2324 1169 2408 pertransire.
1195 2324 1349 2409 Elapsum

400 2440 446 2490 est
462 2447 539 2510 ergo
554 2439 692 2511 tempus,
706 2448 772 2511 quo
787 2424 1032 2511 appellationem
1048 2448 1138 2488 suam
1148 2449 1188 2490 ex
1200 2426 1352 2511 promisso

399 2529 550 2613 prosequi
580 2526 735 2592 debuerat
757 2528 948 2613 appellator:
976 2528 1029 2591 Ita
1050 2527 1195 2613 quidem,
1228 2544 1350 2592 uttam

400 2641 489 2693 actor
510 2650 606 2714 quam
629 2651 703 2692 reus
724 2629 765 2692 ab
787 2628 972 2692 executione
994 2651 1098 2693 causa»
1118 2629 1269 2695 videatur
1290 2652 1353 2694 om·

400 2731 477 2795 nino
487 2729 658 2807 destitisse,
669 2731 785 2797 deinde
794 2731 860 2795 fere
875 2731 957 2796 circa
969 2731 1131 2817 sequentis
1141 2736 1217 2798 anni
1228 2732 1350 2799 initium

394 2832 570 2917 jamdictus
588 2831 736 2918 Rogerus
755 2832 798 2897 ad
818 2855 875 2897 nos
897 2853 971 2897 cum
995 2832 1111 2897 litteris
1134 2832 1257 2900 domini
1273 2836 1353 2921 regis

400 2934 564 3012 accedens,
587 2935 792 3021 appellationi
815 2957 910 3021 quam
933 2935 1062 3009 fecerat,
1092 2937 1301 3015 renuntiavit,
1321 2952 1352 3003 et

401 3057 461 3120 pro
476 3041 651 3101 reverentia
672 3038 750 3122 regii
768 3038 909 3102 mandati
930 3039 1024 3124 petiit
1044 3038 1105 3102 sibi
1121 3040 1285 3125 justitiam
1302 3064 1355 3105 ex·

402 3130 514 3196 hiberi.
562 3135 674 3217 Itaque
697 3134 824 3197 demum
842 3148 914 3219 post
930 3158 1023 3199 unam
1039 3148 1072 3200 et
1095 3135 1228 3201 alteram
1250 3138 1355 3225 appel-

402 3230 551 3294 lationem
563 3233 658 3296 tertio
669 3234 774 3298 edicto
785 3237 999 3322 peremptorio
1009 3238 1107 3301 citata
1120 3250 1168 3302 est
1185 3240 1354 3317 abbatissa,
1412 3286 1414 3289 -

401 3353 477 3416 quae
492 3331 594 3396 missis
608 3338 868 3418 procuratoribus
881 3361 972 3402 suam
987 3354 1100 3404 conata
1114 3352 1162 3404 est
1179 3340 1352 3408 absentiam

401 3454 570 3497 excusare:
598 3434 824 3501 insufficientes
846 3453 950 3504 tamen
974 3464 1093 3519 causas,
1114 3456 1152 3507 ut
1177 3444 1355 3525 ridebatur,

403 3539 614 3620 praetendens,
634 3537 719 3602 unde
734 3539 810 3624 quia
831 3541 1003 3626 prohibita,
1020 3543 1205 3608 dilationem
1222 3547 1355 3611 ulterius

402 3635 544 3699 obtinere
566 3660 628 3701 non
650 3638 769 3723 potuit,
793 3641 832 3704 ad
857 3654 996 3706 vestram
1022 3644 1219 3711 audientium
1247 3644 1355 3735 appel·

402 3736 491 3814 lavit,
517 3738 600 3802 diem
630 3739 799 3824 praefigens
826 3743 1038 3822 Dominicam,
1064 3767 1130 3830 qua
1159 3748 1353 3821 cantabitur,

404 3842 507 3909 Quasi
527 3842 616 3904 modo
633 3842 749 3924 qenai,
771 3842 879 3906 dicens
901 3866 934 3906 se
959 3844 1000 3907 ab
1026 3844 1207 3910 adversario
1232 3848 1353 3913 diutius

403 3940 520 4025 injuste
542 3954 702 4020 vexatam,
733 3956 765 4006 et
792 3943 819 4006 ei
848 3945 925 4009 nibil
948 3945 1033 4030 juris
1061 3962 1243 4033 competere
1266 3952 1297 4014 in
1320 3952 1355 4014 iis

402 4064 476 4125 qua
493 4043 681 4108 moliebatur
696 4066 753 4129 per
771 4044 959 4109 calumniam
983 4060 1174 4134 extorquere
1195 4066 1228 4115 et
1251 4075 1285 4116 ae
1303 4051 1354 4115 ad-

402 4166 593 4210 versuseum
604 4144 779 4230 longissimi
793 4147 943 4233 temporis
953 4150 1193 4235 praescriptione
1205 4152 1352 4219 innixam.
