3034 5500
428 726 470 782 66
696 739 832 783 roannrs
850 734 1127 780 sanssnnnrnnsrs
1291 735 1337 800 [a.
1355 742 1383 787 n.

429 887 463 952 in
477 887 602 951 irritum
621 887 802 952 devocatur.
829 889 874 951 At
888 885 958 949 hoec
981 885 1069 949 velut
1090 885 1122 948 in
1139 887 1262 967 castris,
1278 900 1312 953 et
1330 891 1386 955 sub

428 990 545 1075 gladio,
561 990 656 1054 minis
669 1000 703 1053 et
724 990 898 1054 terroribus
917 1010 988 1073 spes
1009 988 1256 1055 examinationis
1278 992 1386 1058 asim·

429 1088 1041 1178 plicibus‚ameticulosis‚fraudulentcr
1049 1100 1082 1152 et
1091 1089 1250 1156 violenter
1258 1107 1387 1175 extorta,

429 1216 450 1258 a
463 1194 589 1271 dolosis,
600 1193 746 1258 violentis
761 1205 795 1257 et
808 1190 983 1268 malitiosis,
995 1203 1105 1255 contra
1116 1193 1170 1276 jus
1186 1206 1220 1257 et
1235 1195 1293 1273 las,
1308 1217 1385 1281 prae·

429 1295 560 1381 cipitata
573 1307 630 1360 est.
676 1295 761 1374 Quid
777 1305 885 1358 tamen
900 1292 1086 1379 inquisitum
1105 1308 1164 1370 est,
1181 1298 1262 1383 quid
1277 1299 1385 1384 proba·

428 1396 523 1460 tum?
550 1398 653 1461 utrius
674 1397 795 1462 scilicet
817 1397 991 1461 electorum
1015 1396 1179 1476 canonica,
1201 1409 1259 1462 aut
1284 1399 1384 1463 sanior

429 1513 512 1565 esset
520 1501 644 1575 electio,
655 1500 730 1565 facti
740 1499 875 1587 quoestin
884 1497 1104 1574 simulabatur,
1112 1513 1145 1562 et
1150 1500 1244 1584 juris.
1257 1502 1385 1567 Factum

428 1602 548 1688 itaque,
571 1601 813 1689 provoluntate
838 1600 945 1686 partis,
960 1622 1033 1687 quae
1056 1600 1148 1685 ponit
1163 1624 1294 1667 carnem
1318 1604 1384 1669 bra·

428 1704 536 1769 chium
551 1726 656 1785 suum,
671 1703 864 1791 propositum
881 1712 940 1780 est,
956 1716 988 1766 et
1003 1702 1185 1788 probatum.
1210 1705 1381 1770 Probatnm

428 1819 487 1881 est,
500 1806 641 1892 inquam,
656 1806 819 1869 Victorem
837 1803 939 1868 solum
955 1803 1106 1880 electum,
1121 1826 1141 1867 a
1156 1805 1281 1870 saniore
1298 1821 1381 1892 parte

428 1909 636 1973 cardinalium
664 1908 817 1993 petitione
843 1906 965 1993 populi,
988 1927 1142 1971 consensu
1169 1918 1204 1971 et
1230 1908 1384 1975 desiderio

427 2009 516 2088 cleri,
529 2022 563 2072 et
577 2009 761 2072 solemniter
771 2010 1003 2092 jumentatum,
1019 2007 1159 2072 locatum
1177 2030 1246 2075 esse
1262 2010 1296 2075 in
1312 2013 1382 2075 sedc

428 2110 527 2186 Petri,
542 2122 699 2194 praesente
713 2109 882 2183 Rollando‚
899 2121 932 2173 et
947 2132 1011 2172 non
1024 2109 1275 2188 contradicente,
1288 2112 1383 2177 immo

425 2210 653 2290 consentiente,
669 2222 702 2273 et
719 2209 783 2274 suis
798 2209 920 2274 clericis
941 2209 1147 2296 praecipiente
1163 2224 1199 2275 ut
1224 2212 1255 2276 ei
1276 2214 1382 2278 obedi·

426 2326 507 2391 rent,
522 2335 619 2399 quem
641 2312 773 2377 insede
795 2312 967 2398 apostolica
982 2312 1134 2377 videbant
1156 2315 1315 2400 pontificii
1337 2317 1381 2380 in·

423 2416 565 2500 signibus
579 2416 774 2480 decoratum.
803 2420 876 2481 Hoc
892 2437 1019 2500 quoque
1035 2416 1205 2500 probatum
1222 2428 1283 2494 est,
1299 2420 1381 2507 quod

423 2516 613 2581 duodecimo
639 2517 691 2580 die
714 2528 784 2603 post
811 2516 1043 2601 promotionem
1068 2516 1217 2594 Victoris,
1241 2541 1382 2605 egressus

423 2620 464 2684 ab
486 2621 565 2685 urbe
585 2619 762 2684 Rollandus
784 2641 882 2704 prope
904 2633 1022 2683 terram
1040 2619 1150 2683 Seculi
1172 2620 1205 2683 iu
1226 2620 1297 2686 loco
1320 2645 1379 2687 non

423 2724 542 2790 celebri
556 2724 693 2811 primurn
704 2737 752 2788 est
759 2722 970 2808 jumentatus.
994 2725 1049 2786 An
1061 2743 1124 2786 non
1135 2721 1303 2809 inspexisti
1313 2748 1381 2812 pro·

421 2829 559 2894 batiouis
589 2825 744 2893 modum?
789 2830 863 2891 Hoc
892 2826 979 2889 enim
1006 2826 1209 2909 juraverunt,
1241 2827 1378 2894 decanus

422 2930 563 2996 basilicae
582 2930 617 2994 B.
637 2928 734 3006 Petri,
747 2939 781 2992 et
795 2929 860 2992 duo
874 2927 986 2990 fratres
1001 2927 1070 3011 ejus
1084 2927 1118 2990 in
1133 2950 1271 3012 persorm
1285 2931 1379 2995 totius

421 3033 563 3120 capituli,
574 3034 764 3116 juraverunt
774 3040 808 3093 et
822 3027 970 3113 religiosi,
981 3041 1119 3091 rectores
1131 3028 1208 3093 cleri
1225 3029 1375 3095 Romani:

421 3135 481 3199 hoc
496 3136 600 3221 ipsum
613 3132 781 3218 praefectus
793 3131 907 3209 verbis,
918 3141 952 3194 et
966 3130 1020 3194 alii
1035 3131 1119 3195 cives
1129 3133 1241 3215 jurare
1255 3133 1377 3198 obtule-

420 3249 511 3302 runt:
547 3234 601 3300 sed
632 3234 818 3298 clericorum
845 3233 1012 3298 dumtaxat
1038 3245 1168 3319 recepta
1193 3248 1270 3299 sunt
1290 3237 1377 3320 jura-

420 3351 540 3415 menta,
553 3338 703 3424 quoniam
716 3336 786 3401 haec
798 3337 906 3400 omnia
915 3348 1130 3401 tractaverunt
1142 3338 1294 3403 manibus
1305 3340 1376 3405 suis

464 3441 545 3516 Quis
565 3440 616 3505 vel
639 3462 742 3505 caecus
763 3462 825 3502 non
847 3438 1067 3524 deprehendat
1086 3453 1152 3503 tam
1170 3440 1373 3506 manifestam

420 3544 588 3621 malitiam,
604 3543 773 3608 mendacia
787 3555 852 3606 tam
869 3540 1004 3629 aperta?
1041 3541 1127 3606 Nam
1143 3542 1211 3606 fare
1231 3544 1379 3609 omnibus

419 3660 530 3714 notum
546 3659 605 3725 est,
621 3648 712 3733 cujus
723 3646 878 3711 momenti
890 3645 964 3725 sint,
975 3644 1152 3731 praescrtim
1169 3646 1203 3708 in
1219 3644 1375 3711 electione

419 3752 558 3818 Romani
588 3750 756 3838 pontificis,
789 3761 925 3813 rectores
951 3747 1008 3826 illi,
1035 3770 1115 3835 quos
1145 3746 1185 3811 ad
1218 3748 1372 3813 tuendam

418 3855 572 3921 malitiam
593 3878 682 3919 auam
702 3851 872 3917 concilium
894 3852 1050 3936 Papiense
1068 3847 1265 3933 magnificat.
1311 3851 1372 3916 cni

416 3982 480 4024 non
504 3971 553 4024 est
573 3955 761 4023 incredibile
784 3977 838 4019 eos
861 3952 931 4016 haec
953 3965 1114 4028 tractasse,
1138 3951 1195 4038 qui
1213 3949 1374 4036 jactitant.

419 4062 484 4126 Sed
499 4073 577 4137 cato,
589 4060 672 4148 qnod
690 4057 892 4122 interfuerint
907 4054 998 4119 initio
1008 4056 1201 4140 jurgiorum,
1214 4056 1371 4143 numquid

414 4171 455 4231 R.
472 4164 628 4251 usquead
644 4159 912 4225 conservationem
931 4180 1020 4222 suam
1036 4180 1094 4244 per
1108 4156 1178 4221 dies
1200 4157 1370 4223 duodecim

414 4266 597 4354 persequuti
617 4262 714 4328 sunt?
752 4261 918 4349 Numquid
941 4262 1002 4325 hoc
1024 4259 1104 4325 vidit
1124 4260 1303 4345 capitulum
1329 4261 1367 4326 B.

414 4370 514 4445 Petri,
531 4367 564 4431 in
587 4368 677 4452 cujus
695 4387 829 4451 persona
843 4366 987 4448 juratum
1008 4374 1067 4441 est,
1087 4385 1128 4427 an
1150 4375 1292 4429 rectores
1311 4364 1366 4451 qui
