3034 5500
277 751 341 811 288
533 763 669 809 sciurus
684 761 966 808 unmusurnusrs
1145 741 1187 820 [i.
1202 762 1230 804 n.

281 919 471 985 necessitate
486 917 650 993 cosxulat,
664 915 770 978 scrius
781 913 929 978 videatur
944 935 1069 997 urgere.
1102 914 1231 977 Domino

281 1032 387 1083 tamen
403 1031 535 1098 urgente

422 1140 547 1194 Nondum
558 1141 623 1193 cedo
634 1138 719 1203 malis,
731 1138 779 1192 sed
789 1144 880 1192 cunm
891 1139 1032 1192 audentio
1042 1138 1097 1202 ibo,

422 1226 512 1288 Quam
524 1241 583 1277 moa
594 1241 639 1276 me
650 1222 754 1276 sauna
764 1223 844 1275 sinat.

281 1340 358 1405 Scio
372 1348 481 1403 antem
495 1337 585 1422 qnod
609 1336 650 1399 de
667 1337 803 1400 consilio
817 1345 927 1399 restro
941 1337 1067 1399 nullam
1090 1335 1233 1418 recipiam

281 1441 511 1515 conditionem,
540 1459 613 1523 qure
642 1439 693 1501 rel
730 1438 875 1521 speciem
914 1437 1035 1502 habeat
1070 1437 1235 1502 inhonesti.

283 1541 446 1604 Dominus
466 1541 604 1617 interim,
618 1561 689 1625 quse
712 1539 894 1602 necessaria
917 1539 1048 1617 suerint,
1062 1539 1148 1603 sient
1165 1536 1234 1601 iecit

282 1643 448 1720 hactenus,
463 1640 651 1726 providebit.
696 1640 736 1703 In
751 1639 875 1703 ratione
889 1638 959 1703 dati
973 1650 1008 1704 et
1021 1639 1149 1724 accepti
1163 1659 1235 1723 psu-

283 1743 422 1807 cissimis
436 1753 559 1818 teneor,
571 1740 628 1804 sed
643 1740 751 1803 abbati
768 1758 839 1803 meo
855 1750 889 1802 et
899 1741 993 1804 vobis
1008 1760 1108 1824 super
1121 1758 1237 1814 omnes,

284 1855 317 1907 et
332 1844 397 1908 sere
413 1843 501 1906 solis.

296 2103 516 2168 EPISTOLA
540 2104 872 2168 cxcix-smnus
885 2121 1075 2167 nauscam
1090 2122 1135 2167 sn
1149 2121 1224 2166 uss.

413 2222 569 2266 sonuunu
586 2224 629 2267 nn
645 2223 859 2269 senosanam.
885 2206 931 2286 [s.
948 2224 981 2269 n.
1000 2205 1112 2286 nor]

330 2340 493 2412 Quorum(
515 2339 694 2422 prudentiae
717 2351 830 2404 vestra
853 2341 1069 2405 sinceritatem
1097 2341 1238 2404 inlibris

288 2440 373 2503 beati
403 2440 553 2522 Dionysii
581 2440 739 2524 perpendi
767 2442 934 2521 delectari,
956 2441 1076 2506 librum
1106 2441 1237 2528 ejusde

290 2541 449 2621 Angelica
461 2540 652 2605 Hierarchia
663 2552 776 2604 vestrae
787 2544 935 2606 transtuli
951 2545 1091 2607 caritati.
1129 2545 1239 2607 Fateor

290 2653 397 2707 tamen
412 2643 588 2724 elegantias
608 2663 660 2706 me
674 2643 851 2707 dictionum
871 2644 1080 2708 eruditissimi
1095 2655 1128 2708 et
1141 2644 1237 2708 diser·

292 2745 405 2809 tissimi
435 2745 493 2807 riri
523 2745 665 2809 oratione
695 2745 810 2809 Latina
837 2743 1019 2830 exprimere
1048 2745 1237 2830 nequivisse

294 2849 379 2911 Nam
405 2847 492 2930 apud
518 2851 652 2912 Grecos
678 2848 827 2933 quadam
852 2849 1105 2931 compositiones
1124 2848 1240 2912 inveni·

293 2959 398 3025 untur,
414 2949 532 3032 quibus
550 2949 712 3029 eleganter
732 2957 765 3010 et
784 2947 912 3030 proprie
933 2968 984 3011 res
1004 2947 1241 3029 significantur;

294 3047 381 3131 apud
397 3049 530 3112 Latinos
552 3062 657 3112 antem
677 3046 800 3111 eaedem
820 3068 871 3110 res
889 3044 1018 3111 duabus
1032 3060 1089 3111 ant
1102 3047 1242 3131 pluribus

296 3149 493 3213 dictionibus
516 3151 712 3231 ineleganter
737 3159 771 3210 et
795 3149 968 3231 improprie
993 3159 1028 3211 et
1051 3148 1240 3231 quandoque

292 3249 521 3313 insufficienter
531 3251 748 3332 designantur.
779 3248 831 3313 Ad
839 3248 1151 3313 commendationem
1160 3249 1240 3311 enim

293 3351 430 3435 alicujus
445 3372 590 3434 personae
606 3352 656 3415 rel
678 3351 807 3416 alterius
821 3351 866 3414 rei
880 3353 991 3435 pulcre
1012 3352 1141 3414 articuli
1160 3347 1241 3433 apud

293 3472 350 3516 eos
371 3465 566 3536 repetuntur,
588 3464 622 3517 et
643 3475 699 3537 per
722 3453 853 3516 eosdem
872 3453 1024 3516 articulos
1048 3454 1158 3517 multrc
1177 3472 1242 3515 ora·

294 3555 396 3618 tiones
410 3556 473 3619 sibi
484 3556 624 3619 invicem
635 3556 793 3639 perpolite
807 3565 1051 3620 connectuntur.
1082 3554 1192 3618 Taceo
1205 3551 1242 3615 de

291 3655 409 3737 insigni
439 3655 679 3719 constructione
708 3654 949 3739 participiorum
981 3666 1015 3717 et
1047 3654 1241 3718 infinitorum

293 3758 497 3822 articulorum
521 3756 774 3842 conjunctorum.
825 3754 1025 3840 Hujusmodi
1049 3770 1159 3820 autem
1185 3756 1244 3819 ele

292 3861 410 3943 gantiae
425 3860 512 3944 apud
524 3858 657 3923 Latinos
672 3859 885 3941 nequiverunt
898 3857 1049 3921 inveniri.
1080 3855 1244 3939 Contingit

294 3962 379 4024 enim
403 3961 489 4045 quod
512 3962 540 4024 si
562 3959 722 4024 dictiones
744 3981 784 4023 eo
809 3959 920 4023 ordine
941 3979 1008 4044 quo
1031 3973 1110 4024 sunt
1135 3960 1245 4044 posius

291 4062 530 4137 transferantur,
552 4072 607 4123 aut
628 4058 801 4122 difficulter
821 4059 1051 4142 intelligantur,
1074 4071 1133 4125 ant
1154 4060 1244 4125 alian

292 4164 482 4226 sententiam
502 4163 607 4226 facere
629 4159 803 4225 videantur.
847 4162 900 4225 Ea
922 4173 1068 4247 propter,
1092 4164 1152 4227 ubi
1173 4181 1245 4226 con·

293 4287 406 4348 gruum
421 4262 513 4337 duxi,
530 4263 709 4328 dictionum
730 4263 876 4328 ordinem
891 4267 1103 4339 conservari3
1128 4260 1246 4331 alicubi

289 4388 365 4430 roro
391 4376 520 4452 proptor
546 4363 721 4427 faciliorem
750 4364 950 4428 intellectum
981 4364 1135 4431 ordinem
1165 4386 1250 4432 com
