3034 5500
299 770 478 850 llas-b]
696 787 874 832 nmssossr.
1215 775 1256 834 38

293 959 400 1001 mrum
412 961 491 1024 quae
502 936 583 1000 mibi
600 937 770 1001 revertenti
785 938 978 1025 amajestate
991 949 1096 1002 vestra
1107 938 1250 1023 injuncta

291 1052 372 1104 sunt.
420 1041 537 1104 Unum
547 1061 671 1116 eorum,
687 1060 823 1124 quorum
837 1040 942 1126 recepi
953 1040 1111 1119 curam,ei
1127 1037 1248 1104 credidi

291 1140 592 1206 commendandum.
640 1143 687 1206 Ut
708 1161 786 1224 ergo
806 1141 912 1226 gratia
935 1155 1039 1207 vestra
1060 1143 1159 1226 possit
1182 1161 1249 1205 esse

291 1243 441 1320 securior,
465 1246 507 1320 ei,
532 1243 559 1306 si
590 1241 706 1328 placet,
727 1241 863 1307 indultae
892 1242 1096 1308 relaxationis
1125 1242 1249 1308 litteras

292 1345 528 1411 transmittatis.
574 1343 686 1409 Valeat
708 1344 741 1407 in
766 1368 870 1410 aevum
893 1345 1068 1432 paternitas
1084 1358 1200 1426 vestra,
1214 1358 1247 1411 et

292 1447 412 1512 utinam
437 1447 620 1512 memoriter
649 1458 755 1510 teneat
778 1446 866 1532 quod
888 1469 997 1511 omnes
1026 1447 1130 1511 sciunt
1159 1448 1246 1513 etin

290 1547 423 1614 auribus
452 1550 567 1612 vestris
603 1545 785 1634 paucissimi
825 1547 1026 1631 profitentur,
1064 1550 1244 1612 Romanum

290 1649 473 1733 pontificem
490 1671 553 1714 non
569 1671 661 1731 posse
676 1647 732 1712 diu
749 1649 939 1733 pontificari.

471 1941 695 2007 EPISTOLA
713 1938 948 2003 xxxi-m
964 1983 1072 2003 .....

333 2092 444 2155 chsr
466 2089 555 2154 silere
578 2090 799 2177 disposuerim,
823 2089 984 2174 negotium
1011 2089 1130 2154 domini
1151 2113 1243 2178 papae

289 2189 375 2276 quod
402 2192 485 2277 gessi
511 2215 583 2257 cum
605 2192 735 2257 domino
758 2191 878 2255 Eliensi
904 2213 954 2254 me
971 2189 1125 2275 compulit
1151 2214 1243 2257 aures

288 2292 477 2377 apostolicas
488 2292 603 2359 litteris
613 2316 755 2358 onerare.
804 2295 937 2357 Necesse
948 2315 1025 2376 ergo
1035 2305 1082 2357 est
1096 2307 1130 2356 ut
1143 2293 1244 2358 inten-

287 2392 404 2457 tionem
416 2416 517 2458 meam
524 2408 630 2460 vestra
638 2395 795 2460 industria
804 2409 1026 2481 prosequatur.
1040 2396 1147 2472 Quum
1157 2397 1241 2460 enim

287 2495 451 2579 negotium
477 2496 611 2561 viriliter
632 2509 758 2582 gestum
783 2496 835 2571 sit,
849 2496 934 2581 juris
950 2495 1140 2561 auctoritate
1154 2497 1241 2581 quod

285 2595 406 2662 sactum
419 2610 466 2662 est
479 2598 690 2663 roborabitur.
714 2599 854 2661 Centum
867 2618 988 2660 marcas
1002 2596 1239 2682 sterlingorum,

282 2697 364 2764 sicut
379 2699 529 2764 dominus
544 2701 629 2764 Boso
644 2712 850 2785 praeceperat,
870 2699 963 2763 nobis
978 2698 1019 2763 ad
1036 2699 1234 2785 implendum

285 2801 471 2868 mandatum
496 2801 616 2865 domini
645 2824 737 2889 papae
763 2801 897 2866 tradidit
918 2802 1068 2865 dominus
1089 2802 1239 2876 Eliensis,

284 2901 393 2967 decem
409 2925 539 2991 quoque
554 2926 675 2968 marcas
698 2926 757 2989 pro
773 2925 878 2966 maroa
894 2902 962 2968 auri
976 2900 1105 2964 domino
1121 2903 1238 2965 Bosoni

284 3027 343 3088 per
351 3004 515 3069 dominum
530 3005 789 3070 Cantuariensem
803 3016 835 3069 et
847 3027 897 3067 me
910 3000 1107 3067 transmittit.
1142 3005 1238 3088 Agite

283 3106 398 3195 itaque
408 3130 481 3171 oum
504 3106 633 3171 domino
656 3108 695 3172 B.
712 3120 748 3173 ut
768 3107 905 3172 indultae
919 3104 1139 3183 absolutionis,
1155 3106 1238 3169 sicut

284 3208 441 3292 promisit,
471 3209 619 3294 episcopo
649 3207 770 3273 litteras
799 3208 915 3272 mittat.
964 3206 1003 3270 ln
1034 3227 1098 3291 quo
1127 3206 1236 3294 itaque

281 3310 408 3393 gravari
434 3332 496 3374 non
514 3310 622 3386 debet,
651 3311 677 3373 si
698 3323 829 3396 accepto
852 3332 929 3375 auro
952 3309 1048 3372 verba
1070 3309 1234 3374 remiserit.

283 3411 334 3474 De
349 3424 467 3477 caetero
489 3412 566 3476 nihil
590 3425 636 3478 est
659 3411 746 3498 apud
770 3433 827 3475 nos
848 3414 1046 3484 innovatum,
1070 3412 1130 3475 nisi
1145 3412 1233 3496 quod

280 3511 364 3575 inter
379 3512 653 3599 archiepiscopum
670 3510 903 3576 Eboraoensem
920 3525 952 3575 et
968 3510 1114 3575 abbatem
1133 3511 1235 3575 Glou·

278 3626 469 3678 cestrensem
494 3636 555 3699 pax
579 3613 750 3677 reformata
773 3625 832 3689 est,
856 3611 1092 3697 archiepiscopo
1115 3611 1163 3676 liti
1187 3636 1235 3675 re·

279 3716 459 3791 nuntiante,
482 3726 613 3800 accepto
639 3713 744 3778 reditu
767 3731 844 3777 xc1v
867 3711 1031 3777 librarum.
1078 3710 1234 3777 Praeterea

278 3816 421 3892 consulo,
444 3830 480 3881 ut
502 3816 534 3880 in
550 3816 664 3881 itinere
684 3817 746 3880 isto
767 3813 816 3877 vel
833 3813 928 3878 unius
949 3814 1024 3877 anni
1039 3815 1233 3879 contrahatis

278 3918 461 3982 societatem
491 3919 650 3983 bonorum
674 3939 746 3980 cum
770 3937 911 3979 annona:
944 3930 1059 3980 caetera
1081 3915 1232 3979 victualia

281 4018 383 4086 Lond.
401 4043 475 4085 cara
490 4033 577 4098 sunt,
593 4018 713 4105 quibus
733 4040 832 4104 prope
849 4020 969 4083 fluenta
984 4017 1134 4103 magister
1147 4018 1231 4083 Rad.

275 4121 428 4189 abundat.
476 4124 560 4188 Cum
574 4120 719 4186 deductis
735 4120 917 4207 sumptibus
931 4143 973 4185 xv
987 4119 1086 4184 millia
1097 4118 1228 4184 alecium

277 4238 456 4309 expectant.

323 4512 399 4558 ΥΟΕ·
417 4512 439 4556 1.
