3034 5500
310 780 372 838 226
568 791 706 838 mamus
721 788 1003 837 ssnmsaarsssrs
1164 774 1224 857 la
1239 793 1265 837 a.

310 957 388 1009 tunc
428 956 599 1028 presentes
632 956 745 1026 postea
783 947 968 1022 retulerunt,
995 947 1187 1010 lacrimatur
1212 959 1264 1020 est,

310 1045 423 1109 dicens
437 1046 525 1128 quod
540 1045 627 1109 idem
639 1044 892 1123 cantuariensis,
901 1046 931 1110 ei
948 1068 1073 1131 corpus
1087 1056 1122 1110 at
1136 1047 1263 1110 animan

308 1148 426 1231 pariter
439 1147 592 1210 auferret:
616 1145 746 1209 tandem
763 1145 848 1210 dixit
862 1147 953 1232 quod
968 1169 1084 1211 omnes
1095 1147 1265 1230 proditores

307 1260 408 1324 erant,
424 1249 479 1332 qui
497 1270 569 1311 eum
586 1247 734 1311 adhibita
747 1270 847 1331 opera
864 1261 898 1313 et
918 1249 1090 1332 diligentia
1112 1251 1157 1313 ab
1178 1250 1264 1313 unius

306 1347 446 1410 hominis
474 1349 678 1411 intestatione
708 1349 864 1412 nolebant
894 1349 1065 1433 expedire.
1120 1349 1174 1416 Ad
1199 1346 1262 1414 luc

307 1447 457 1511 dominus
468 1448 738 1530 Rothomagensis
752 1449 988 1532 aliquantulum
999 1450 1189 1528 excanduit,
1200 1471 1262 1513 cor·

304 1550 428 1634 ripieus
439 1572 522 1627 eum,
533 1550 641 1612 mitius
656 1561 765 1613 tamen
777 1571 863 1615 more
876 1572 935 1615 suo
947 1551 983 1614 in
992 1552 1112 1635 spiritu
1120 1551 1263 1627 leuitatis,

306 1673 405 1735 quum
421 1673 518 1716 causa
540 1651 603 1714 Dei
619 1652 720 1733 magis
741 1650 896 1733 exigeret,
911 1653 1116 1718 severitatem
1138 1665 1173 1717 at
1191 1672 1262 1716 auc·

304 1756 460 1819 toritatem
493 1753 657 1837 pontificis
687 1755 799 1817 morbo
829 1754 1028 1835 languentis,
1057 1754 1202 1829 rationis,
1229 1763 1259 1817 et

303 1854 380 1920 fidei
404 1856 502 1919 fuisse
525 1855 713 1919 adhibitam.
758 1853 840 1918 Erat
864 1867 972 1920 autern
996 1855 1092 1920 dolor
1114 1857 1258 1931 acerbior,

301 1968 433 2038 urgente
447 1971 545 2034 metu,
561 1978 655 2041 quem
671 1969 866 2040 conceperat
879 1977 919 2021 ex
942 1958 1060 2021 litteris
1081 1978 1163 2042 quas
1177 1957 1255 2042 jam·

301 2057 407 2120 dictus
431 2058 674 2121 cantuariensis
700 2059 749 2121 illi
772 2070 804 2122 et
825 2060 917 2122 matri
940 2080 1009 2123 suae
1035 2061 1254 2124 mamiserat

298 2156 419 2218 Earum
450 2157 635 2238 exemplum
665 2159 757 2220 vobis
787 2158 1023 2222 transmittitur.
1071 2160 1254 2223 'limabatur

298 2257 438 2340 quidem,
454 2269 487 2320 et
500 2255 637 2320 merito:
667 2279 708 2321 ne
723 2259 757 2321 in
773 2271 886 2324 terram
902 2260 973 2343 ejus
987 2260 1166 2338 interdicti,
1179 2270 1211 2325 et
1222 2261 1253 2324 iu

297 2378 467 2441 personam
483 2357 697 2422 anathematis
711 2361 872 2424 sententia
890 2360 1045 2426 citissime
1061 2362 1202 2440 terrem,
1215 2383 1252 2425 ea

295 2458 482 2522 auctoritate
515 2473 548 2522 et
581 2460 734 2523 mandato
764 2462 880 2525 summi
912 2462 1093 2544 pontificis.
1152 2465 1251 2538 Quum

294 2559 391 2640 igitur
405 2561 454 2622 hia
468 2561 626 2641 angustiis
647 2577 874 2643 premerentur,
891 2563 1108 2630 lexoviensis
1129 2567 1248 2651 episco-

294 2680 358 2743 pus
375 2662 505 2726 unicum
530 2662 614 2725 dixit
638 2684 708 2726 esse
732 2664 920 2741 remedium,
935 2666 1160 2731 imminentem
1181 2689 1248 2732 aen·

294 2765 426 2828 tentiam
456 2765 681 2850 appellationis
711 2767 880 2831 obstaculo
908 2769 1110 2853 praepedire:
1151 2772 1247 2835 etita

294 2868 405 2930 nescio
434 2889 498 2952 quo
523 2879 629 2950 pacto,
655 2867 717 2930 uisi
748 2870 824 2952 quia
850 2870 968 2934 veritas
996 2872 1153 2937 ventilata
1179 2874 1245 2956 plur

293 2968 404 3048 pollet,
414 2980 447 3033 et
457 2970 591 3053 justitia,
604 2988 668 3051 quo
683 2968 786 3050 magis
801 2970 993 3048 concutitur,
1003 2993 1045 3035 eo
1059 2973 1165 3054 magis
1174 2994 1244 3037 con·

293 3072 436 3149 valescit,
450 3072 527 3135 dum
550 3091 606 3134 rex
628 3091 687 3154 per
707 3071 808 3135 avitas
831 3073 1085 3138 consuetudines
1107 3075 1243 3160 appella·

291 3169 413 3233 tionum
429 3172 486 3254 jus
505 3193 659 3237 evacuare
677 3182 823 3251 conatur,
844 3174 945 3255 magis
967 3174 1151 3252 confirmat,
1172 3175 1243 3240 dun

288 3267 427 3351 ipsemet
440 3292 499 3355 pro
515 3274 621 3356 capite
637 3294 696 3335 suo
711 3268 753 3336 ad
773 3274 960 3357 appellandi
982 3275 1144 3359 refugium
1158 3277 1240 3358 cogi·

289 3379 340 3431 tur
353 3372 488 3434 evolare.

332 3472 387 3534 Ab
410 3472 467 3535 illo
482 3493 558 3553 ergo
575 3475 716 3538 concilio
733 3474 851 3555 egressi
875 3486 950 3538 sunt
972 3496 992 3538 a
1014 3475 1099 3539 facie
1123 3476 1240 3542 domini

288 3584 322 3635 et
345 3573 431 3653 regis
456 3572 506 3636 sui
532 3574 742 3637 Lexoviensis
767 3586 801 3638 et
826 3575 991 3657 Sagiensis
1015 3578 1178 3662 episcopi,
1200 3576 1239 3641 ad

287 3675 497 3759 saepedictum
517 3675 782 3740 Cautuariensem
806 3690 1028 3760 properantes,
1042 3688 1079 3742 ut
1102 3680 1238 3763 appella·

283 3778 373 3840 tione
397 3776 587 3859 interposita
601 3797 700 3860 usque
724 3777 766 3840 ad
782 3778 921 3842 Octavus
948 3779 1082 3844 Pascha
1106 3801 1235 3865 suspen·

285 3878 398 3943 darent
413 3879 601 3943 sententiam
617 3879 695 3962 ejus
735 3879 1006 3962 Rothomagensis
1020 3900 1153 3967 quoque
1166 3902 1235 3948 cum

283 3980 330 4041 eis
345 3982 506 4063 profectus
521 3990 580 4052 est,
599 4002 662 4045 uon
679 3981 810 4064 quidem
825 3983 1053 4065 appellaturus,
1065 3997 1103 4049 ut
1116 3985 1172 4063 ait,
1181 3982 1235 4048 aed

282 4079 322 4143 de
349 4103 429 4164 pace
459 4103 552 4164 quam
578 4078 782 4147 desiderabat
810 4094 1012 4149 tractaturus·
1056 4087 1235 4171 Archiepia-

280 4201 382 4263 copus
409 4201 482 4243 vero
508 4193 615 4246 noster
640 4183 674 4246 in
704 4184 874 4268 procinctu
899 4184 1040 4249 serendas
1069 4186 1232 4251 sententia

279 4282 481 4354 constitutus,
511 4283 571 4345 iter
599 4285 774 4365 arripuerat
802 4283 844 4347 ad
872 4285 983 4347 urbem
1013 4284 1230 4362 Suessionum,

276 4383 1226 4469 orationiscausautbeataeVirgiui,cujusibimemoriacele·
