3034 5500
157 745 266 821 trau]
534 757 713 805 nnrsronra.
1043 745 1105 805 333

155 926 296 977 testarer.
321 910 441 976 Nullus
452 911 534 975 enim
547 924 725 975 nostratum
740 922 801 988 est,
813 909 875 990 cui,
884 931 985 996 quum
997 931 1106 975 omnes

155 1037 260 1077 rerum
280 1011 532 1077 circumstantias
554 1011 739 1098 diligentius
761 1010 883 1091 metiar,
898 1034 949 1074 me
971 1012 1106 1076 recolam

154 1113 292 1200 amplius
318 1115 503 1179 debitorem.
554 1114 650 1178 Unde
677 1113 835 1178 silentium
862 1136 968 1177 meum
994 1114 1107 1179 merito

155 1217 260 1280 suerat
295 1215 506 1304 arguendum,
539 1215 598 1279 nisi
627 1216 801 1280 multarum
832 1229 863 1280 et
892 1216 1107 1302 probabilium

157 1321 317 1384 rationum
356 1318 507 1402 suffragio
536 1332 746 1405 purgaretur:
787 1340 866 1403 quas
895 1318 1009 1402 utique
1034 1319 1110 1405 jure

156 1421 386 1507 praetenderem
403 1423 575 1497 accusanti,
592 1422 616 1483 si
638 1421 787 1484 nimirum
805 1441 866 1482 non
882 1433 1041 1485 constaret
1060 1422 1109 1484 in·

158 1536 206 1585 ter
223 1546 278 1586 vos
297 1535 329 1587 et
352 1546 408 1586 nos
430 1526 525 1587 chaos
546 1543 698 1606 magnum
719 1543 785 1584 esse
807 1520 986 1585 firmatum:
1011 1525 1055 1587 ita
1074 1535 1111 1587 ut

160 1624 251 1688 nobis
268 1625 474 1710 impossibile,
490 1623 579 1687 vobis
599 1635 705 1686 autem
726 1619 852 1685 difficile
872 1622 912 1685 sit
934 1623 974 1686 ad
995 1624 1112 1686 amicos

161 1728 295 1789 transire
312 1725 360 1788 vel
381 1725 515 1788 mittere.
564 1723 717 1786 Inimicus
736 1724 832 1787 homo
854 1723 1015 1801 hocfecit,
1031 1736 1063 1789 et
1078 1724 1111 1788 in

162 1827 299 1891 Idumea
322 1825 515 1890 zizaniorum
542 1839 710 1888 sementem
735 1846 797 1889 non
823 1838 923 1888 cessat
945 1848 1111 1912 spargere:

160 1942 192 1992 et
211 1928 285 2014 jugi
308 1927 430 1992 laborat
453 1926 613 2007 instantia,
636 1940 674 1990 ut
696 1927 825 2011 angelos
846 1926 997 2014 praesides
1018 1928 1115 1992 eccle·

160 2032 279 2093 siarum
301 2028 415 2093 evellat
430 2026 558 2092 alaude
581 2027 655 2091 Dei.
700 2029 799 2104 Quasi
814 2027 926 2115 vulpes
940 2029 973 2092 in
989 2029 1115 2095 deserto

161 2131 327 2217 prophetae
342 2131 412 2214 ejus
431 2130 487 2214 qui
510 2142 689 2215 sequuntur
711 2129 859 2215 spiritum
881 2153 972 2195 suum
988 2143 1021 2196 et
1036 2131 1115 2195 nihil

163 2230 282 2294 rident.
329 2229 375 2291 Hi
401 2243 476 2293 sunt
500 2230 556 2314 qui
584 2230 780 2293 carissimum
808 2231 983 2295 Dominum
1008 2255 1114 2312 snum,

163 2352 314 2416 maguum
336 2328 522 2415 principem,
538 2329 723 2395 subvertere
744 2331 848 2395 conati
871 2344 956 2414 sunt,
971 2355 1117 2398 mansue·

165 2431 306 2496 tudinem
329 2431 398 2516 ejus
422 2429 646 2495 succendentes
669 2431 742 2495 selle
767 2431 908 2508 malitiae,
932 2445 964 2498 et
985 2435 1118 2500 rationis

164 2537 263 2598 aciem
286 2534 510 2618 extinguentes
530 2531 667 2595 consiliis
689 2532 849 2597 toxicatis.
896 2533 1022 2619 Eripiat
1043 2560 1116 2602 eum

166 2637 256 2699 Deus
278 2635 318 2699 de
340 2635 488 2699 manibus
510 2655 631 2710 eorum,
647 2646 679 2697 et
702 2632 850 2718 subjiciat
873 2635 934 2699 sibi
949 2650 986 2700 ut
1001 2639 1118 2723 princi·

165 2752 262 2823 patus
277 2738 345 2823 ejus
360 2748 392 2802 et
408 2740 479 2802 Deo
493 2736 631 2823 placitus
643 2739 694 2816 sit,
705 2750 737 2800 et
752 2736 893 2822 quietus,
908 2752 940 2803 et
951 2739 1119 2825 jucundus

166 2840 300 2923 gerenti,
321 2854 351 2905 et
373 2838 511 2903 ecclesiis
530 2861 661 2924 quarum
682 2851 838 2923 patronus
857 2854 916 2918 est,
936 2855 968 2905 et
991 2843 1119 2929 populis

166 2940 260 3004 laetus
277 2963 343 3004 esse
359 2938 461 3004 valeat
482 2951 514 3004 et
533 2939 724 3005 fructuosus.
771 2938 844 3005 Scio
859 2943 972 3027 utique
988 2943 1119 3028 quia,si

168 3041 298 3105 redierit
327 3042 367 3106 ad
393 3063 460 3117 cor,
485 3038 624 3125 placabit
651 3039 823 3104 Dominum
850 3063 942 3105 auum
969 3064 1120 3128 sponsum

169 3143 308 3207 ecclesiae
331 3140 543 3207 satisfactione
565 3140 734 3226 condigna,
750 3153 782 3206 et
803 3164 823 3204 a
841 3164 953 3207 cruore
974 3144 1122 3210 innocen·

170 3259 239 3310 turn
254 3244 417 3330 potestatis
427 3266 493 3307 suae
504 3241 647 3327 gladium
658 3242 829 3323 revocabit,
842 3256 877 3308 ut
890 3244 918 3308 ei
930 3246 1124 3332 propitietur

171 3351 273 3425 Deus,
294 3359 326 3410 et
347 3367 410 3409 non
432 3344 581 3431 exquirat
602 3344 787 3429 sanguinem
810 3369 920 3411 eorum
940 3349 981 3413 ab
1001 3349 1071 3435 ipso
1090 3364 1123 3416 et

171 3448 268 3513 domo
283 3448 361 3534 ejus.
409 3446 442 3511 Si
458 3445 566 3510 exules
588 3456 620 3509 et
642 3446 838 3531 proscriptos
861 3447 923 3512 Dei
938 3450 1127 3533 contemnit,

173 3550 251 3636 quia
265 3571 422 3635 pauperes
443 3562 530 3625 sunt,
546 3545 722 3611 meminerit
741 3549 819 3632 quia
840 3546 951 3613 talium
970 3562 1126 3636 patronus

172 3663 219 3713 est
246 3648 406 3715 Christus.
452 3646 507 3710 Ad
539 3645 756 3710 ulciscendum
785 3646 1126 3732 pauperis-Nabutbae

173 3750 359 3837 sanguinem
381 3748 499 3813 delevit
526 3752 616 3814 Deus
639 3748 769 3811 domurn
793 3748 903 3813 Achab
925 3762 957 3813 et
983 3750 1125 3816 Jezabel.

176 3853 262 3934 Saul,
278 3852 365 3937 quia,
385 3852 567 3915 consulente
589 3861 620 3913 et
643 3863 834 3935 procurante
857 3850 967 3914 Doech
992 3852 1128 3918 ldumeo

174 3952 308 4019 custode
337 3952 509 4028 mulorum,
538 3949 646 4034 gladio
676 3950 776 4035 regni,
804 3951 862 4036 qui
890 3951 931 4015 ad
962 3953 1129 4020 sacerdotii

176 4056 343 4122 tuitionem
366 4055 434 4140 regi
456 4052 640 4117 commissus
661 4064 721 4128 est,
737 4052 914 4118 sacerdotes
936 4056 1081 4140 appetiit,
1097 4069 1130 4124 et

178 4160 303 4224 Nobem
314 4159 418 4223 vicum
434 4178 542 4220 eorum
556 4154 684 4231 delevit,
696 4155 729 4218 in
744 4177 777 4219 se
792 4157 975 4241 provocavit
985 4158 1129 4244 gladium

176 4261 251 4339 Dei,
268 4284 335 4346 quo
349 4273 381 4324 et
397 4262 464 4344 ipse
485 4271 516 4321 ct
539 4256 654 4321 domus
677 4257 747 4342 ejus
769 4256 1017 4342 Allophylorum
1040 4258 1131 4321 mini-

176 4363 275 4428 sterio
289 4360 539 4448 irreparabiliter
550 4359 646 4423 deleti
663 4368 746 4438 sunt,
755 4358 862 4443 generi
878 4382 936 4423 suo
952 4358 1131 4444 relinquen-
