3034 5500
280 738 479 819 1159-64.]
674 761 850 806 amsroam.
1171 754 1231 812 127

275 908 379 984 lelmo,
396 923 430 974 et
446 911 534 995 patri
554 910 634 996 ejus,
648 933 686 972 eo
707 911 793 996 quod
813 915 999 997 nuptiarum
1021 914 1177 980 Willelmi
1199 930 1231 980 et

275 1009 431 1074 adeliciae
448 1024 541 1097 pater
557 1009 705 1075 Albredae
721 1015 853 1077 conviva
869 1012 974 1091 fuerit,
990 1028 1021 1079 et
1037 1017 1230 1080 matrimonii

276 1110 373 1197 hujus
389 1111 651 1197 promptissimus
665 1114 869 1198 approbator.
909 1117 1063 1202 Sponsam
1081 1141 1154 1181 vero
1169 1139 1232 1181 non

274 1234 339 1274 csse
363 1212 549 1297 conjugem,
569 1224 633 1275 tam
658 1211 742 1296 leges
767 1214 960 1299 principum,
980 1240 1077 1303 quam
1105 1218 1232 1285 decreta

275 1312 466 1398 pontificum
483 1312 667 1388 ostendunt,
684 1336 783 1398 quum
803 1315 992 1400 desponsata
1010 1319 1117 1403 puella
1131 1320 1230 1404 possit

277 1415 504 1478 monasterium
521 1414 714 1500 praeeligere,
727 1415 796 1478 viro
806 1414 1019 1493 dissentiente,
1032 1420 1113 1482 sicut
1130 1423 1233 1484 Euse-

277 1515 347 1578 bius
362 1528 479 1580 auctor
494 1531 559 1580 est:
583 1529 615 1580 et
630 1520 715 1600 leges
730 1529 810 1581 teste
832 1520 989 1604 Gregorio
1010 1520 1130 1584 nullam
1149 1521 1231 1585 infli-

277 1630 359 1701 gunt
373 1639 502 1704 poenam
520 1639 653 1703 sponsae,
670 1619 696 1681 si
712 1619 752 1681 ad
768 1619 935 1704 collegium
952 1620 1125 1684 evolaverit
1140 1622 1231 1706 puel-

275 1717 350 1784 lare.
398 1721 560 1783 Proeterea
575 1719 758 1806 conjugium
776 1743 837 1783 uon
853 1742 920 1783 esse
942 1721 1129 1806 perfectum,
1146 1723 1233 1808 quod

277 1838 342 1882 nou
363 1818 528 1885 confirmat
550 1833 583 1884 et
604 1821 728 1906 perficit
750 1821 933 1886 commixtio
955 1821 1138 1907 corporalis,
1159 1824 1233 1889 licet

278 1939 299 1982 a
327 1917 430 2003 prima
456 1918 711 2005 desponsationis
740 1919 805 1983 fide
834 1920 959 1985 initium
991 1922 1152 1987 sortiatur.
1198 1922 1231 1988 Si

278 2038 356 2105 ergo
376 2019 509 2085 initiatis
531 2020 674 2105 perfecta
695 2018 918 2104 praejudicant,
938 2023 1067 2088 omnino
1086 2025 1232 2111 iniquum

277 2134 325 2187 est
341 2134 379 2186 ut
394 2121 651 2207 sponsalitiorum
664 2122 770 2206 pactio
784 2144 859 2186 vero
874 2123 999 2187 dicatur
1011 2127 1235 2212 praejudicasse

278 2223 436 2310 conjugio.
484 2226 568 2287 Nam
592 2223 761 2287 Eraristus
784 2245 877 2311 papa,
893 2248 995 2312 quum
1017 2226 1151 2292 formam
1167 2252 1234 2294 ma·

277 2324 420 2390 trimonii
434 2322 655 2397 contrahendi,
670 2336 702 2388 ct
717 2347 841 2388 sacrum
858 2328 967 2406 ritum,
982 2331 1041 2413 qui
1056 2329 1087 2392 in
1103 2330 1233 2394 ecclesia

277 2439 335 2502 est,
356 2425 537 2512 permiserit
555 2426 752 2511 nuptiarum,
777 2426 822 2491 ita
841 2429 994 2513 subjecit:
1034 2433 1086 2493 lta
1105 2443 1234 2516 peracta

278 2526 422 2612 legitima
436 2525 549 2591 scitote
563 2549 630 2590 esse
644 2529 814 2608 connubia,
825 2529 916 2593 aliter
931 2553 1006 2593 vero
1023 2545 1233 2616 praesumpta,

278 2650 341 2694 non
362 2629 524 2715 conjugia,
546 2625 599 2691 sed
622 2628 792 2705 adulteria,
811 2643 933 2714 stupra,
948 2635 999 2695 vel
1014 2631 1232 2706 contubernia,

278 2742 335 2795 aut
349 2729 574 2795 fornicationes
589 2729 696 2815 potius
711 2752 808 2814 quam
822 2734 968 2815 legitima
986 2732 1134 2815 conjugia
1154 2755 1232 2807 esse,

279 2853 341 2896 non
356 2827 539 2907 dubitatur,
553 2831 614 2895 nisi
628 2830 776 2894 voluntas
791 2833 922 2915 propria
936 2831 1111 2914 suffragata
1124 2831 1234 2909 fuerit,

278 2947 310 2999 et
326 2947 401 2998 rota
416 2947 608 2998 succurrunt
624 2933 776 3019 legitima.
815 2933 863 2995 At
875 2930 1066 3005 Willelmus‚
1079 2929 1234 2996 dissoluto

279 3046 375 3121 pacto
389 3035 506 3122 priore,
520 3036 603 3100 sicut
622 3035 707 3111 licet,
723 3033 825 3097 licitas
844 3031 1004 3097 contraxit
1022 3032 1161 3119 nuptias,
1177 3055 1234 3097 nec

279 3155 434 3222 umquam
460 3157 646 3199 consensum
674 3133 824 3198 adhibuit
850 3145 886 3197 ut
914 3132 955 3196 ab
979 3132 1035 3196 illa
1061 3131 1233 3198 diverteret

281 3236 333 3299 cui
349 3235 455 3299 fuerat
470 3234 611 3321 legitime
625 3234 804 3321 copulatus.
849 3233 1035 3299 Divortium
1055 3254 1131 3296 vero
1145 3233 1231 3319 quod

280 3357 356 3422 pars
369 3336 504 3399 adversa
522 3335 644 3421 objicit,
660 3349 715 3398 aut
731 3335 860 3398 omuino
874 3356 937 3397 non
960 3333 1069 3408 fuisse,
1091 3346 1148 3398 aut
1171 3355 1234 3397 nou

281 3451 367 3502 reate
392 3438 492 3501 fuisse
521 3436 725 3501 celebratum.
772 3435 936 3521 Siquidem
966 3457 1068 3521 quum
1094 3435 1233 3522 justitia,

281 3538 436 3602 defuncto
451 3558 525 3621 rege
538 3536 626 3622 pacis
639 3529 792 3614 amatore,
806 3559 825 3598 a
839 3534 929 3619 regni
943 3535 1061 3599 finibus
1080 3539 1236 3611 exularet,

281 3650 314 3702 et
335 3636 550 3702 invalescente
571 3635 679 3699 furore
700 3634 790 3698 novis
809 3634 1017 3719 gaudentium
1036 3657 1145 3698 omnes
1163 3655 1238 3719 pro-

281 3734 520 3801 vourenturad
531 3740 880 3815 omnia,matremsuam
890 3733 1158 3799 Adelitiamnullo
1162 3735 1237 3819 jure

281 3837 458 3923 aconjuge
480 3849 656 3921 separatam
679 3835 825 3910 asseruit,
848 3836 902 3900 sed
926 3838 1080 3899 violenter
1101 3858 1119 3898 a
1141 3835 1237 3898 domo

281 3940 387 4003 mar-iti
413 3937 574 4002 exclusam
601 3937 720 4021 pariter
747 3948 779 3999 et
806 3937 949 4022 ejectam,
976 3949 1007 4000 et
1034 3937 1093 4000 hoc
1119 3935 1237 4000 machi-

282 4041 410 4103 natione
431 4036 584 4102 Gaufridi
609 4036 842 4101 Londoniensis
863 4036 1087 4114 archidiaconi,
1108 4035 1163 4122 qui
1185 4060 1236 4100 ac·

283 4154 377 4227 cepto
406 4139 511 4226 pretio
541 4160 608 4203 eam
640 4137 846 4217 indefensam,
875 4136 1063 4217 inauditam,
1093 4138 1148 4201 sed
1179 4159 1236 4199 nec

282 4242 357 4306 inde
379 4241 509 4305 citatam
532 4239 657 4304 studuit
680 4239 900 4314 condemnare,
923 4238 1025 4301 fretus
1047 4236 1237 4300 auctoritate

283 4341 404 4406 domini
417 4339 661 4419 Wintonieusis,
671 4338 728 4425 qui
739 4351 772 4402 et
783 4341 863 4423 ipse,
875 4349 912 4400 ut
926 4337 1047 4413 asserit,
1058 4356 1116 4418 per
1129 4332 1237 4395 sordes
