3034 5500
291 730 399 808 llos]
681 746 858 794 nnrsroua.
1183 736 1246 794 328

287 910 378 983 parte
395 899 580 981 diligentius
595 902 756 984 explorati
771 902 1003 986 praescribunt?
1027 901 1140 985 utique
1156 903 1244 986 plus·

287 1022 385 1085 quam
401 1004 439 1062 10
451 1001 551 1065 millia
563 1024 738 1066 marcarum
750 1003 779 1066 ei
791 1016 823 1067 et
836 1005 903 1067 suis
914 1005 1020 1068 ablata
1031 1014 1106 1067 sunt
1120 1014 1243 1084 postea,

285 1123 347 1166 nec
364 1104 444 1168 citra
458 1106 686 1169 restitutionem
703 1126 812 1168 earum
826 1106 898 1190 jure
914 1106 1020 1188 aliquo
1036 1106 1109 1187 cogi
1125 1116 1242 1188 potest,

286 1215 323 1265 ut
336 1204 538 1288 respondeat,
553 1206 648 1268 etiam
663 1206 689 1267 si
709 1205 788 1290 quid
804 1217 1001 1288 competeret
1014 1208 1065 1271 his
1088 1207 1142 1291 qui
1166 1228 1239 1270 eum

285 1319 530 1391 persequuntur.
554 1307 697 1390 Campus
707 1308 758 1371 hic
770 1309 922 1372 orationis
932 1309 1118 1374 discretioni
1127 1317 1239 1373 vestro

285 1408 384 1471 latius
420 1422 519 1493 patet,
549 1419 583 1472 ut
613 1409 640 1471 si
671 1409 739 1472 fieri
769 1420 886 1492 potest,
915 1410 1065 1493 quoniam
1101 1411 1240 1474 rationes

286 1512 402 1574 melius
425 1513 534 1589 nostis,
558 1513 586 1574 ei
627 1532 683 1593 per
705 1512 929 1574 coloniensem
953 1511 1183 1594 persuadeatis,
1205 1523 1240 1575 ut

286 1610 421 1675 desistat
443 1615 483 1676 ab
507 1613 630 1695 injuriis
653 1623 686 1674 et
707 1611 838 1693 rapinis,
857 1623 889 1675 et
910 1609 1095 1675 intentionis
1117 1634 1183 1675 sum
1205 1611 1238 1673 in

284 1735 362 1777 usus
400 1714 650 1778 adversariorum
684 1734 749 1775 non
789 1714 980 1796 multiplicet
1015 1714 1237 1796 exceptiones

284 1815 362 1879 Hoc
373 1817 478 1899 ipsum
490 1835 593 1897 nuper
603 1835 772 1895 aggressus
783 1824 832 1878 est
843 1815 1015 1897 episcopus
1026 1815 1237 1879 cicestrensis

282 1917 436 1981 intimans
451 1917 529 1997 regi,
544 1916 631 2000 quod
648 1916 906 1980 cantuariensem
925 1917 1052 2001 juvaret
1066 1919 1235 2000 plusquam

282 2020 399 2102 aliquis
415 2020 596 2082 hominum:
620 2019 774 2101 quaerenti
788 2019 920 2082 modum
934 2019 1109 2104 respondit,
1123 2018 1237 2092 “Quia

282 2142 414 2184 causam
444 2121 514 2205 ejus
543 2121 673 2197 crebris,
699 2129 732 2182 et
759 2120 882 2184 eisdem
910 2123 1020 2186 multis
1049 2131 1081 2185 et
1113 2120 1236 2201 magnis

277 2219 462 2304 justificatis
477 2220 612 2303 injuriis,
628 2229 661 2281 et
669 2219 826 2302 justitiam
844 2233 988 2299 vestram,
1004 2222 1031 2284 si
1047 2242 1110 2305 qua
1125 2221 1236 2297 suerat,

282 2322 483 2385 suffocastis:
512 2320 593 2383 datis
608 2321 638 2383 ei
653 2321 750 2384 etiam
766 2323 934 2385 consilium
950 2334 982 2385 et
999 2324 1167 2399 auxilium,
1181 2333 1236 2385 sut

281 2424 439 2501 meliores,
454 2433 508 2485 aut
530 2421 570 2484 de
595 2422 780 2485 melioribus
804 2425 941 2497 clericis,
963 2446 1043 2507 quos
1066 2424 1236 2487 habebatis

282 2526 316 2586 in
342 2535 424 2587 terra
447 2534 558 2599 vestra,
582 2542 664 2604 quos
690 2523 803 2599 cogitis
826 2524 856 2585 ei
878 2525 1060 2602 coexulare,
1081 2545 1140 2587 nec
1164 2544 1233 2607 per·

280 2626 406 2689 mittitis
432 2636 468 2688 nt
489 2623 710 2688 revertantur.'’
754 2623 866 2684 Motus
887 2634 936 2684 est
957 2643 1015 2684 rex
1040 2622 1081 2684 ad
1106 2626 1179 2696 ista,
1202 2634 1235 2686 et

281 2726 528 2793 sollicitudinem
545 2725 688 2809 suspiriis
706 2733 898 2808 protestatus
913 2733 970 2800 est,
985 2723 1043 2787 sed
1065 2730 1232 2805 conceptas

281 2830 512 2914 indignationis
529 2828 729 2890 vehementia
744 2846 808 2888 non
826 2824 966 2908 permisit
982 2835 1017 2886 ut
1031 2835 1164 2907 saperet.

323 2931 374 2994 Ad
401 2932 483 3006 haec,
507 2930 585 3013 quia
610 2950 718 3009 regem
745 2928 942 2989 Francorum
968 2924 1107 2988 amicum
1130 2944 1231 3007 quau-

280 3033 386 3117 doque
402 3032 568 3110 habuistis,
584 3040 616 3093 et
636 3031 769 3093 nescitis
784 3028 862 3112 quid
883 3027 986 3111 pariat
999 3037 1132 3090 ventura
1151 3025 1232 3103 dies,

278 3136 478 3200 consulerem
501 3145 536 3196 ut
561 3154 635 3195 eum
659 3131 830 3214 aliquibus,
854 3138 909 3192 aut
930 3128 1111 3211 placaretis,
1133 3127 1162 3190 si
1183 3148 1230 3189 re-

277 3258 371 3302 cessu
382 3246 486 3300 vestro
503 3237 641 3298 offensus
657 3245 716 3308 est,
728 3243 783 3295 aut
797 3231 901 3311 magis
915 3228 1085 3293 alliceretis
1100 3250 1230 3292 munus·

279 3339 374 3416 culis,
389 3337 416 3401 si
436 3339 468 3400 in
484 3337 582 3400 veteri
603 3334 745 3399 amicitia
767 3341 958 3416 perseverat.
1010 3329 1100 3393 Nihil
1122 3341 1229 3393 autem

276 3451 324 3503 est
338 3437 423 3500 unde
438 3437 544 3519 ipsum
560 3434 653 3510 adeo,
667 3443 700 3497 et
713 3443 812 3496 totam
827 3431 1031 3494 Gallicanam
1046 3429 1229 3510 ecclesiam,

275 3541 341 3604 imo
362 3549 395 3603 et
416 3539 608 3613 Romanam,
625 3536 718 3599 vobis
738 3532 909 3597 conciliare
930 3534 1067 3616 possitis,
1084 3553 1180 3617 quam
1201 3532 1230 3595 si

273 3642 433 3707 audierint
448 3661 515 3717 vos,
527 3637 614 3723 quod
628 3636 855 3720 philosophum
872 3634 976 3709 decet,
991 3635 1056 3698 imo
1072 3634 1228 3696 Christia-

272 3765 362 3821 num,
382 3744 416 3805 in
437 3750 571 3823 utroque
589 3740 662 3823 jure
684 3738 832 3822 peritum,
847 3736 972 3798 veritati
995 3733 1081 3819 quod
1103 3733 1229 3797 debetis

273 3844 491 3909 testimonium
516 3840 659 3917 reddere,
682 3850 714 3903 et
739 3838 899 3903 honestati
928 3858 994 3899 non
1020 3855 1098 3918 opes
1124 3832 1227 3896 Croesi

273 3968 335 4010 nec
363 3946 486 4029 aliquas
509 3943 657 4028 praeserre
681 3940 821 4004 delicias.
878 3938 913 4001 Si
939 3939 1023 4001 enim
1047 3936 1171 3999 ethicus
1195 3943 1229 3998 et

273 4048 422 4111 ethnicus
436 4045 637 4110 laudabiliter
657 4042 698 4106 ad
720 4043 895 4104 litterarum
917 4036 1225 4102 commendationem

273 4148 368 4225 dixit,
383 4148 459 4231 quia

693 4262 877 4313 —vatis
889 4278 980 4313 avarus

485 4350 564 4402 Haud
577 4355 675 4400 temere
688 4349 850 4409 astruimus,

725 4441 786 4495 rt>
