<?xml version="1.0" encoding="UTF-8"?>
<!DOCTYPE html PUBLIC "-//W3C//DTD XHTML 1.0 Transitional//EN"
    "http://www.w3.org/TR/xhtml1/DTD/xhtml1-transitional.dtd">
<html xmlns="http://www.w3.org/1999/xhtml" xml:lang="en" lang="en">
 <head>
  <title>
</title>
<meta http-equiv="Content-Type" content="text/html;charset=utf-8" />
  <meta name='ocr-system' content='tesseract 3.04.00' />
  <meta name='ocr-capabilities' content='ocr_page ocr_carea ocr_par ocr_line ocrx_word'/>
</head>
<body>
  <div class='ocr_page' id='page_1' title='image "./joannissaresber16johngoog_0334.png"; bbox 0 0 3034 5500; ppageno 0'>
   <div class='ocr_carea' id='block_1_1' title="bbox 271 767 1225 846">
    <p class='ocr_par' dir='ltr' id='par_1_1' title="bbox 271 767 1225 846">
     <span class='ocr_line' id='line_1_1' title="bbox 271 767 1225 846; baseline -0.012 -8"><span class='ocrx_word' id='word_1_1' title='bbox 271 780 334 838; x_wconf 74' lang='lat'><strong>312</strong></span> <span class='ocrx_word' id='word_1_2' title='bbox 530 785 666 831; x_wconf 71' lang='lat' dir='ltr'><strong>sossius</strong></span> <span class='ocrx_word' id='word_1_3' title='bbox 680 779 964 827; x_wconf 81' lang='lat' dir='ltr'><strong>ssusssssrsusrs</strong></span> <span class='ocrx_word' id='word_1_4' title='bbox 1138 767 1182 846; x_wconf 86' lang='lat' dir='ltr'><strong>[s.</strong></span> <span class='ocrx_word' id='word_1_5' title='bbox 1198 786 1225 830; x_wconf 89' lang='lat' dir='ltr'><strong>n.</strong></span> 
     </span>
    </p>
   </div>
   <div class='ocr_carea' id='block_1_2' title="bbox 273 932 1240 3251">
    <p class='ocr_par' dir='ltr' id='par_1_2' title="bbox 273 932 1235 2742">
     <span class='ocr_line' id='line_1_2' title="bbox 275 932 1229 1019; baseline -0.008 -11"><span class='ocrx_word' id='word_1_6' title='bbox 275 942 378 1009; x_wconf 74' lang='lat' dir='ltr'><strong>lond.</strong></span> <span class='ocrx_word' id='word_1_7' title='bbox 403 953 436 1003; x_wconf 90' lang='lat' dir='ltr'><strong>et</strong></span> <span class='ocrx_word' id='word_1_8' title='bbox 461 938 583 1002; x_wconf 88' lang='lat' dir='ltr'><strong>domiui</strong></span> <span class='ocrx_word' id='word_1_9' title='bbox 610 949 643 999; x_wconf 87' lang='lat' dir='ltr'><strong>et</strong></span> <span class='ocrx_word' id='word_1_10' title='bbox 672 933 768 998; x_wconf 90' lang='lat' dir='ltr'><strong>amici</strong></span> <span class='ocrx_word' id='word_1_11' title='bbox 797 932 874 1014; x_wconf 88' lang='lat' dir='ltr'><strong>mei,</strong></span> <span class='ocrx_word' id='word_1_12' title='bbox 898 935 955 998; x_wconf 88' lang='lat' dir='ltr'><strong>cui</strong></span> <span class='ocrx_word' id='word_1_13' title='bbox 977 936 1108 998; x_wconf 87' lang='lat' dir='ltr'><strong>interim</strong></span> <span class='ocrx_word' id='word_1_14' title='bbox 1129 957 1229 1019; x_wconf 80' lang='lat' dir='ltr'><strong>parco,</strong></span> 
     </span>
     <span class='ocr_line' id='line_1_3' title="bbox 274 1032 1227 1128; baseline -0.01 -21"><span class='ocrx_word' id='word_1_15' title='bbox 274 1040 419 1128; x_wconf 76' lang='lat' dir='ltr'><strong>episcopi</strong></span> <span class='ocrx_word' id='word_1_16' title='bbox 440 1039 586 1102; x_wconf 84' lang='lat' dir='ltr'><strong>Winton.</strong></span> <span class='ocrx_word' id='word_1_17' title='bbox 609 1048 642 1099; x_wconf 89' lang='lat' dir='ltr'><strong>et</strong></span> <span class='ocrx_word' id='word_1_18' title='bbox 668 1055 761 1119; x_wconf 78' lang='lat' dir='ltr'><strong>aeque</strong></span> <span class='ocrx_word' id='word_1_19' title='bbox 788 1032 938 1098; x_wconf 84' lang='lat' dir='ltr'><strong>doctrina</strong></span> <span class='ocrx_word' id='word_1_20' title='bbox 959 1045 994 1097; x_wconf 89' lang='lat' dir='ltr'><strong>et</strong></span> <span class='ocrx_word' id='word_1_21' title='bbox 1016 1035 1146 1118; x_wconf 85' lang='lat' dir='ltr'><strong>eloquio</strong></span> <span class='ocrx_word' id='word_1_22' title='bbox 1167 1037 1227 1118; x_wconf 90' lang='lat' dir='ltr'><strong>pol·</strong></span> 
     </span>
     <span class='ocr_line' id='line_1_4' title="bbox 273 1135 1228 1222; baseline -0.008 -14"><span class='ocrx_word' id='word_1_23' title='bbox 273 1145 379 1220; x_wconf 90' lang='lat' dir='ltr'><strong>lentis,</strong></span> <span class='ocrx_word' id='word_1_24' title='bbox 395 1141 509 1204; x_wconf 82' lang='lat' dir='ltr'><strong>veteris</strong></span> <span class='ocrx_word' id='word_1_25' title='bbox 524 1137 654 1222; x_wconf 92' lang='lat' dir='ltr'><strong>quidem</strong></span> <span class='ocrx_word' id='word_1_26' title='bbox 668 1136 868 1214; x_wconf 76' lang='lat' dir='ltr'><strong>scholastici,</strong></span> <span class='ocrx_word' id='word_1_27' title='bbox 882 1135 942 1200; x_wconf 90' lang='lat' dir='ltr'><strong>sed</strong></span> <span class='ocrx_word' id='word_1_28' title='bbox 956 1136 1075 1198; x_wconf 79' lang='lat' dir='ltr'><strong>novitii</strong></span> <span class='ocrx_word' id='word_1_29' title='bbox 1092 1137 1228 1219; x_wconf 75' lang='lat' dir='ltr'>episcopi</span> 
     </span>
     <span class='ocr_line' id='line_1_5' title="bbox 277 1237 1229 1323; baseline -0.008 -15"><span class='ocrx_word' id='word_1_30' title='bbox 277 1240 535 1315; x_wconf 86' lang='lat' dir='ltr'><strong>Heresordensis,</strong></span> <span class='ocrx_word' id='word_1_31' title='bbox 552 1259 688 1323; x_wconf 89' lang='lat' dir='ltr'><strong>quorum</strong></span> <span class='ocrx_word' id='word_1_32' title='bbox 704 1238 917 1321; x_wconf 74' lang='lat' dir='ltr'><strong>praeminebat</strong></span> <span class='ocrx_word' id='word_1_33' title='bbox 930 1237 1156 1312; x_wconf 74' lang='lat' dir='ltr'><strong>auctontss,si</strong></span> <span class='ocrx_word' id='word_1_34' title='bbox 1170 1260 1229 1302; x_wconf 91' lang='lat' dir='ltr'><strong>non</strong></span> 
     </span>
     <span class='ocr_line' id='line_1_6' title="bbox 276 1338 1230 1429; baseline -0.006 -20"><span class='ocrx_word' id='word_1_35' title='bbox 276 1345 421 1429; x_wconf 91' lang='lat' dir='ltr'><strong>opinioni</strong></span> <span class='ocrx_word' id='word_1_36' title='bbox 450 1343 546 1405; x_wconf 84' lang='lat' dir='ltr'><strong>bouae</strong></span> <span class='ocrx_word' id='word_1_37' title='bbox 574 1341 748 1416; x_wconf 91' lang='lat' dir='ltr'><strong>consensit,</strong></span> <span class='ocrx_word' id='word_1_38' title='bbox 777 1338 972 1422; x_wconf 87' lang='lat' dir='ltr'><strong>iniquitatis,</strong></span> <span class='ocrx_word' id='word_1_39' title='bbox 998 1350 1032 1401; x_wconf 88' lang='lat' dir='ltr'><strong>et</strong></span> <span class='ocrx_word' id='word_1_40' title='bbox 1061 1339 1230 1403; x_wconf 76' lang='lat' dir='ltr'><strong>manifeste</strong></span> 
     </span>
     <span class='ocr_line' id='line_1_7' title="bbox 276 1440 1229 1524; baseline -0.006 -14"><span class='ocrx_word' id='word_1_41' title='bbox 276 1447 423 1511; x_wconf 79' lang='lat' dir='ltr'><strong>salsitatis</strong></span> <span class='ocrx_word' id='word_1_42' title='bbox 447 1440 618 1520; x_wconf 87' lang='lat' dir='ltr'><strong>attestatio,</strong></span> <span class='ocrx_word' id='word_1_43' title='bbox 645 1442 765 1524; x_wconf 90' lang='lat' dir='ltr'><strong>scripto</strong></span> <span class='ocrx_word' id='word_1_44' title='bbox 790 1451 975 1524; x_wconf 89' lang='lat' dir='ltr'><strong>utrumque,</strong></span> <span class='ocrx_word' id='word_1_45' title='bbox 1001 1451 1036 1504; x_wconf 87' lang='lat' dir='ltr'><strong>et</strong></span> <span class='ocrx_word' id='word_1_46' title='bbox 1060 1441 1229 1522; x_wconf 79' lang='lat' dir='ltr'><strong>sigillorum</strong></span> 
     </span>
     <span class='ocr_line' id='line_1_8' title="bbox 278 1541 1229 1627; baseline -0.007 -16"><span class='ocrx_word' id='word_1_47' title='bbox 278 1547 455 1612; x_wconf 83' lang='lat' dir='ltr'><strong>munimine</strong></span> <span class='ocrx_word' id='word_1_48' title='bbox 484 1544 696 1609; x_wconf 81' lang='lat' dir='ltr'><strong>convincente</strong></span> <span class='ocrx_word' id='word_1_49' title='bbox 725 1541 960 1627; x_wconf 66' lang='lat' dir='ltr'><strong>praejudicaret.</strong></span> <span class='ocrx_word' id='word_1_50' title='bbox 1015 1542 1082 1605; x_wconf 82' lang='lat' dir='ltr'><strong>Alii</strong></span> <span class='ocrx_word' id='word_1_51' title='bbox 1109 1543 1229 1605; x_wconf 82' lang='lat' dir='ltr'><strong>interim</strong></span> 
     </span>
     <span class='ocr_line' id='line_1_9' title="bbox 281 1641 1231 1735; baseline -0.011 -21"><span class='ocrx_word' id='word_1_52' title='bbox 281 1671 363 1735; x_wconf 90' lang='lat' dir='ltr'><strong>quos</strong></span> <span class='ocrx_word' id='word_1_53' title='bbox 391 1647 493 1710; x_wconf 89' lang='lat' dir='ltr'><strong>libelli</strong></span> <span class='ocrx_word' id='word_1_54' title='bbox 522 1643 687 1709; x_wconf 85' lang='lat' dir='ltr'><strong>concludit</strong></span> <span class='ocrx_word' id='word_1_55' title='bbox 710 1642 889 1726; x_wconf 87' lang='lat' dir='ltr'><strong>inscriptio,</strong></span> <span class='ocrx_word' id='word_1_56' title='bbox 916 1641 1028 1706; x_wconf 88' lang='lat' dir='ltr'><strong>mitius</strong></span> <span class='ocrx_word' id='word_1_57' title='bbox 1053 1657 1231 1725; x_wconf 81' lang='lat' dir='ltr'><strong>arguuntm,</strong></span> 
     </span>
     <span class='ocr_line' id='line_1_10' title="bbox 283 1743 1232 1834; baseline -0.008 -22"><span class='ocrx_word' id='word_1_58' title='bbox 283 1750 360 1834; x_wconf 89' lang='lat' dir='ltr'><strong>quia</strong></span> <span class='ocrx_word' id='word_1_59' title='bbox 382 1767 447 1810; x_wconf 94' lang='lat' dir='ltr'><strong>non</strong></span> <span class='ocrx_word' id='word_1_60' title='bbox 468 1745 562 1808; x_wconf 79' lang='lat' dir='ltr'><strong>facile</strong></span> <span class='ocrx_word' id='word_1_61' title='bbox 589 1743 677 1806; x_wconf 88' lang='lat' dir='ltr'><strong>credi</strong></span> <span class='ocrx_word' id='word_1_62' title='bbox 702 1751 818 1826; x_wconf 90' lang='lat' dir='ltr'><strong>potest,</strong></span> <span class='ocrx_word' id='word_1_63' title='bbox 843 1754 878 1804; x_wconf 90' lang='lat' dir='ltr'><strong>ut</strong></span> <span class='ocrx_word' id='word_1_64' title='bbox 904 1753 955 1805; x_wconf 89' lang='lat' dir='ltr'><strong>tot</strong></span> <span class='ocrx_word' id='word_1_65' title='bbox 975 1743 1142 1826; x_wconf 87' lang='lat' dir='ltr'><strong>sapientes</strong></span> <span class='ocrx_word' id='word_1_66' title='bbox 1162 1765 1232 1806; x_wconf 88' lang='lat' dir='ltr'><strong>con·</strong></span> 
     </span>
     <span class='ocr_line' id='line_1_11' title="bbox 280 1840 1231 1922; baseline -0.004 -12"><span class='ocrx_word' id='word_1_67' title='bbox 280 1849 434 1922; x_wconf 78' lang='lat' dir='ltr'><strong>venerint,</strong></span> <span class='ocrx_word' id='word_1_68' title='bbox 452 1858 499 1910; x_wconf 87' lang='lat' dir='ltr'><strong>tot</strong></span> <span class='ocrx_word' id='word_1_69' title='bbox 516 1844 710 1909; x_wconf 84' lang='lat' dir='ltr'><strong>contulerint</strong></span> <span class='ocrx_word' id='word_1_70' title='bbox 731 1841 872 1922; x_wconf 82' lang='lat' dir='ltr'><strong>religiosi</strong></span> <span class='ocrx_word' id='word_1_71' title='bbox 893 1841 929 1903; x_wconf 91' lang='lat' dir='ltr'><strong>in</strong></span> <span class='ocrx_word' id='word_1_72' title='bbox 952 1841 1103 1906; x_wconf 80' lang='lat' dir='ltr'><strong>fraudem</strong></span> <span class='ocrx_word' id='word_1_73' title='bbox 1122 1840 1231 1906; x_wconf 80' lang='lat' dir='ltr'><strong>divine</strong></span> 
     </span>
     <span class='ocr_line' id='line_1_12' title="bbox 278 1942 1231 2031; baseline -0.005 -19"><span class='ocrx_word' id='word_1_74' title='bbox 278 1950 361 2031; x_wconf 77' lang='lat' dir='ltr'><strong>legis</strong></span> <span class='ocrx_word' id='word_1_75' title='bbox 376 1960 408 2011; x_wconf 94' lang='lat' dir='ltr'><strong>et</strong></span> <span class='ocrx_word' id='word_1_76' title='bbox 422 1966 593 2022; x_wconf 87' lang='lat' dir='ltr'><strong>canonum,</strong></span> <span class='ocrx_word' id='word_1_77' title='bbox 606 1957 638 2008; x_wconf 87' lang='lat' dir='ltr'><strong>et</strong></span> <span class='ocrx_word' id='word_1_78' title='bbox 652 1944 687 2006; x_wconf 91' lang='lat' dir='ltr'><strong>in</strong></span> <span class='ocrx_word' id='word_1_79' title='bbox 705 1942 879 2026; x_wconf 86' lang='lat' dir='ltr'><strong>perniciem</strong></span> <span class='ocrx_word' id='word_1_80' title='bbox 902 1944 1058 2007; x_wconf 83' lang='lat' dir='ltr'><strong>Ecclesie</strong></span> <span class='ocrx_word' id='word_1_81' title='bbox 1074 1945 1231 2028; x_wconf 82' lang='lat' dir='ltr'><strong>couscrip</strong></span> 
     </span>
     <span class='ocr_line' id='line_1_13' title="bbox 280 2045 1231 2131; baseline -0.005 -17"><span class='ocrx_word' id='word_1_82' title='bbox 280 2052 389 2122; x_wconf 79' lang='lat' dir='ltr'><strong>serint,</strong></span> <span class='ocrx_word' id='word_1_83' title='bbox 416 2046 504 2111; x_wconf 91' lang='lat' dir='ltr'><strong>unde</strong></span> <span class='ocrx_word' id='word_1_84' title='bbox 527 2048 730 2112; x_wconf 77' lang='lat' dir='ltr'><strong>convalescat</strong></span> <span class='ocrx_word' id='word_1_85' title='bbox 754 2053 787 2108; x_wconf 89' lang='lat' dir='ltr'><strong>et</strong></span> <span class='ocrx_word' id='word_1_86' title='bbox 809 2045 985 2128; x_wconf 77' lang='lat' dir='ltr'><strong>praevaleat</strong></span> <span class='ocrx_word' id='word_1_87' title='bbox 1006 2067 1231 2131; x_wconf 84' lang='lat' dir='ltr'><strong>usquequaque</strong></span> 
     </span>
     <span class='ocr_line' id='line_1_14' title="bbox 278 2146 1231 2233; baseline -0.002 -19"><span class='ocrx_word' id='word_1_88' title='bbox 278 2151 440 2233; x_wconf 89' lang='lat' dir='ltr'><strong>iniquitas,</strong></span> <span class='ocrx_word' id='word_1_89' title='bbox 470 2158 504 2210; x_wconf 90' lang='lat' dir='ltr'><strong>et</strong></span> <span class='ocrx_word' id='word_1_90' title='bbox 525 2148 652 2231; x_wconf 87' lang='lat' dir='ltr'><strong>justitia</strong></span> <span class='ocrx_word' id='word_1_91' title='bbox 681 2147 890 2229; x_wconf 89' lang='lat' dir='ltr'><strong>opprimatur.</strong></span> <span class='ocrx_word' id='word_1_92' title='bbox 951 2146 1020 2210; x_wconf 84' lang='lat' dir='ltr'><strong>Sed</strong></span> <span class='ocrx_word' id='word_1_93' title='bbox 1056 2159 1095 2213; x_wconf 90' lang='lat' dir='ltr'><strong>ut</strong></span> <span class='ocrx_word' id='word_1_94' title='bbox 1130 2149 1231 2220; x_wconf 85' lang='lat' dir='ltr'><strong>audio,</strong></span> 
     </span>
     <span class='ocr_line' id='line_1_15' title="bbox 279 2248 1233 2335; baseline -0.002 -20"><span class='ocrx_word' id='word_1_95' title='bbox 279 2272 391 2316; x_wconf 84' lang='lat' dir='ltr'><strong>omnes</strong></span> <span class='ocrx_word' id='word_1_96' title='bbox 413 2251 460 2314; x_wconf 91' lang='lat' dir='ltr'><strong>illi</strong></span> <span class='ocrx_word' id='word_1_97' title='bbox 481 2249 603 2331; x_wconf 88' lang='lat' dir='ltr'><strong>scripto</strong></span> <span class='ocrx_word' id='word_1_98' title='bbox 624 2248 841 2329; x_wconf 65' lang='lat' dir='ltr'><strong>prestiterunt</strong></span> <span class='ocrx_word' id='word_1_99' title='bbox 869 2249 1120 2314; x_wconf 82' lang='lat' dir='ltr'><strong>auctoritatem:</strong></span> <span class='ocrx_word' id='word_1_100' title='bbox 1151 2249 1233 2335; x_wconf 91' lang='lat' dir='ltr'><strong>quod</strong></span> 
     </span>
     <span class='ocr_line' id='line_1_16' title="bbox 280 2348 1234 2436; baseline -0.002 -19"><span class='ocrx_word' id='word_1_101' title='bbox 280 2355 308 2418; x_wconf 88' lang='lat' dir='ltr'><strong>si</strong></span> <span class='ocrx_word' id='word_1_102' title='bbox 333 2363 407 2416; x_wconf 85' lang='lat' dir='ltr'><strong>ante</strong></span> <span class='ocrx_word' id='word_1_103' title='bbox 432 2351 590 2427; x_wconf 78' lang='lat' dir='ltr'><strong>viderant,</strong></span> <span class='ocrx_word' id='word_1_104' title='bbox 615 2348 842 2432; x_wconf 88' lang='lat' dir='ltr'><strong>impiissimum</strong></span> <span class='ocrx_word' id='word_1_105' title='bbox 867 2349 927 2412; x_wconf 85' lang='lat' dir='ltr'><strong>suit</strong></span> <span class='ocrx_word' id='word_1_106' title='bbox 951 2361 1052 2414; x_wconf 72' lang='lat' dir='ltr'><strong>tanta</strong></span> <span class='ocrx_word' id='word_1_107' title='bbox 1074 2352 1234 2436; x_wconf 84' lang='lat' dir='ltr'><strong>iniquitati</strong></span> 
     </span>
     <span class='ocr_line' id='line_1_17' title="bbox 280 2450 1233 2535; baseline -0.003 -16"><span class='ocrx_word' id='word_1_108' title='bbox 280 2454 500 2519; x_wconf 86' lang='lat' dir='ltr'><strong>testimouium</strong></span> <span class='ocrx_word' id='word_1_109' title='bbox 530 2452 721 2535; x_wconf 84' lang='lat' dir='ltr'><strong>perhibere:</strong></span> <span class='ocrx_word' id='word_1_110' title='bbox 756 2451 785 2514; x_wconf 94' lang='lat' dir='ltr'><strong>si</strong></span> <span class='ocrx_word' id='word_1_111' title='bbox 814 2472 881 2514; x_wconf 90' lang='lat' dir='ltr'><strong>non</strong></span> <span class='ocrx_word' id='word_1_112' title='bbox 907 2450 1067 2531; x_wconf 79' lang='lat' dir='ltr'><strong>viderunt,</strong></span> <span class='ocrx_word' id='word_1_113' title='bbox 1090 2454 1233 2516; x_wconf 65' lang='lat' dir='ltr'><strong>multisni-</strong></span> 
     </span>
     <span class='ocr_line' id='line_1_18' title="bbox 282 2552 1235 2637; baseline -0.002 -17"><span class='ocrx_word' id='word_1_114' title='bbox 282 2579 370 2621; x_wconf 92' lang='lat' dir='ltr'><strong>mum</strong></span> <span class='ocrx_word' id='word_1_115' title='bbox 393 2556 505 2619; x_wconf 81' lang='lat' dir='ltr'><strong>alieuae</strong></span> <span class='ocrx_word' id='word_1_116' title='bbox 519 2552 684 2637; x_wconf 89' lang='lat' dir='ltr'><strong>iniquitati</strong></span> <span class='ocrx_word' id='word_1_117' title='bbox 700 2573 828 2615; x_wconf 90' lang='lat' dir='ltr'><strong>suorum</strong></span> <span class='ocrx_word' id='word_1_118' title='bbox 850 2553 1057 2635; x_wconf 85' lang='lat' dir='ltr'><strong>impositione</strong></span> <span class='ocrx_word' id='word_1_119' title='bbox 1078 2555 1235 2620; x_wconf 79' lang='lat' dir='ltr'><strong>characte-</strong></span> 
     </span>
     <span class='ocr_line' id='line_1_19' title="bbox 287 2655 772 2742; baseline -0.014 -18"><span class='ocrx_word' id='word_1_120' title='bbox 287 2681 355 2724; x_wconf 93' lang='lat' dir='ltr'><strong>rum</strong></span> <span class='ocrx_word' id='word_1_121' title='bbox 371 2670 521 2742; x_wconf 83' lang='lat' dir='ltr'><strong>prrestare</strong></span> <span class='ocrx_word' id='word_1_122' title='bbox 541 2655 772 2720; x_wconf 89' lang='lat' dir='ltr'><strong>auctoritatem.</strong></span> 
     </span>
    </p>

    <p class='ocr_par' dir='ltr' id='par_1_3' title="bbox 285 2758 1240 3251">
     <span class='ocr_line' id='line_1_20' title="bbox 329 2758 1237 2846; baseline -0.006 -19"><span class='ocrx_word' id='word_1_123' title='bbox 329 2762 393 2826; x_wconf 85' lang='lat' dir='ltr'><strong>Sed</strong></span> <span class='ocrx_word' id='word_1_124' title='bbox 418 2759 498 2846; x_wconf 94' lang='lat' dir='ltr'><strong>quid</strong></span> <span class='ocrx_word' id='word_1_125' title='bbox 523 2760 557 2821; x_wconf 91' lang='lat' dir='ltr'><strong>in</strong></span> <span class='ocrx_word' id='word_1_126' title='bbox 582 2780 616 2821; x_wconf 91' lang='lat' dir='ltr'><strong>re</strong></span> <span class='ocrx_word' id='word_1_127' title='bbox 642 2758 828 2840; x_wconf 87' lang='lat' dir='ltr'><strong>conspicua,</strong></span> <span class='ocrx_word' id='word_1_128' title='bbox 850 2778 952 2840; x_wconf 90' lang='lat' dir='ltr'><strong>quum</strong></span> <span class='ocrx_word' id='word_1_129' title='bbox 978 2780 1023 2821; x_wconf 84' lang='lat' dir='ltr'><strong>ex</strong></span> <span class='ocrx_word' id='word_1_130' title='bbox 1048 2763 1237 2826; x_wconf 69' lang='lat' dir='ltr'><strong>necessitate</strong></span> 
     </span>
     <span class='ocr_line' id='line_1_21' title="bbox 285 2856 1238 2950; baseline -0.005 -21"><span class='ocrx_word' id='word_1_131' title='bbox 285 2868 378 2950; x_wconf 88' lang='lat' dir='ltr'><strong>plura</strong></span> <span class='ocrx_word' id='word_1_132' title='bbox 397 2862 537 2927; x_wconf 88' lang='lat' dir='ltr'><strong>dicenda</strong></span> <span class='ocrx_word' id='word_1_133' title='bbox 558 2862 633 2938; x_wconf 82' lang='lat' dir='ltr'><strong>sint,</strong></span> <span class='ocrx_word' id='word_1_134' title='bbox 654 2856 811 2943; x_wconf 89' lang='lat' dir='ltr'><strong>protendo</strong></span> <span class='ocrx_word' id='word_1_135' title='bbox 835 2859 1039 2923; x_wconf 85' lang='lat' dir='ltr'><strong>sermonem?</strong></span> <span class='ocrx_word' id='word_1_136' title='bbox 1079 2863 1167 2926; x_wconf 82' lang='lat' dir='ltr'><strong>Nam</strong></span> <span class='ocrx_word' id='word_1_137' title='bbox 1186 2885 1238 2947; x_wconf 82' lang='lat' dir='ltr'><strong>pa-</strong></span> 
     </span>
     <span class='ocr_line' id='line_1_22' title="bbox 285 2964 1238 3049; baseline -0.003 -19"><span class='ocrx_word' id='word_1_138' title='bbox 285 2968 361 3049; x_wconf 78' lang='lat' dir='ltr'><strong>gina</strong></span> <span class='ocrx_word' id='word_1_139' title='bbox 386 2967 451 3043; x_wconf 89' lang='lat' dir='ltr'><strong>illa,</strong></span> <span class='ocrx_word' id='word_1_140' title='bbox 475 2964 534 3027; x_wconf 87' lang='lat' dir='ltr'><strong>etsi</strong></span> <span class='ocrx_word' id='word_1_141' title='bbox 560 2974 734 3026; x_wconf 82' lang='lat' dir='ltr'><strong>vestrorum</strong></span> <span class='ocrx_word' id='word_1_142' title='bbox 761 2971 902 3025; x_wconf 83' lang='lat' dir='ltr'><strong>cessaret</strong></span> <span class='ocrx_word' id='word_1_143' title='bbox 926 2982 1036 3045; x_wconf 83' lang='lat' dir='ltr'><strong>opera,</strong></span> <span class='ocrx_word' id='word_1_144' title='bbox 1062 2976 1238 3027; x_wconf 81' lang='lat' dir='ltr'><strong>uostromm</strong></span> 
     </span>
     <span class='ocr_line' id='line_1_23' title="bbox 285 3060 1239 3147; baseline -0.003 -16"><span class='ocrx_word' id='word_1_145' title='bbox 285 3078 391 3132; x_wconf 90' lang='lat' dir='ltr'><strong>tamen</strong></span> <span class='ocrx_word' id='word_1_146' title='bbox 417 3064 584 3147; x_wconf 77' lang='lat' dir='ltr'><strong>diligentia</strong></span> <span class='ocrx_word' id='word_1_147' title='bbox 603 3061 643 3126; x_wconf 87' lang='lat' dir='ltr'><strong>ad</strong></span> <span class='ocrx_word' id='word_1_148' title='bbox 666 3064 848 3125; x_wconf 89' lang='lat' dir='ltr'><strong>Romanum</strong></span> <span class='ocrx_word' id='word_1_149' title='bbox 874 3060 1016 3125; x_wconf 79' lang='lat' dir='ltr'><strong>defertur</strong></span> <span class='ocrx_word' id='word_1_150' title='bbox 1040 3064 1239 3147; x_wconf 85' lang='lat' dir='ltr'><strong>pontificem,</strong></span> 
     </span>
     <span class='ocr_line' id='line_1_24' title="bbox 285 3164 1240 3251; baseline -0.001 -20"><span class='ocrx_word' id='word_1_151' title='bbox 285 3171 341 3251; x_wconf 93' lang='lat' dir='ltr'><strong>qui</strong></span> <span class='ocrx_word' id='word_1_152' title='bbox 357 3180 390 3232; x_wconf 89' lang='lat' dir='ltr'><strong>et</strong></span> <span class='ocrx_word' id='word_1_153' title='bbox 404 3188 509 3231; x_wconf 89' lang='lat' dir='ltr'><strong>mores</strong></span> <span class='ocrx_word' id='word_1_154' title='bbox 530 3166 617 3229; x_wconf 90' lang='lat' dir='ltr'><strong>illius</strong></span> <span class='ocrx_word' id='word_1_155' title='bbox 639 3186 735 3248; x_wconf 91' lang='lat' dir='ltr'><strong>quem</strong></span> <span class='ocrx_word' id='word_1_156' title='bbox 751 3164 938 3248; x_wconf 86' lang='lat' dir='ltr'><strong>justificatis</strong></span> <span class='ocrx_word' id='word_1_157' title='bbox 957 3186 1001 3229; x_wconf 85' lang='lat' dir='ltr'><strong>ex</strong></span> <span class='ocrx_word' id='word_1_158' title='bbox 1020 3168 1133 3230; x_wconf 87' lang='lat' dir='ltr'><strong>multis</strong></span> <span class='ocrx_word' id='word_1_159' title='bbox 1155 3169 1240 3231; x_wconf 87' lang='lat' dir='ltr'><strong>norit</strong></span> 
     </span>
    </p>
   </div>
   <div class='ocr_carea' id='block_1_3' title="bbox 284 3263 1275 3954">
    <p class='ocr_par' dir='ltr' id='par_1_4' title="bbox 284 3263 1275 3954">
     <span class='ocr_line' id='line_1_25' title="bbox 284 3263 1275 3354; baseline 0.007 -25"><span class='ocrx_word' id='word_1_160' title='bbox 284 3267 426 3345; x_wconf 89' lang='lat' dir='ltr'><strong>indiciis,</strong></span> <span class='ocrx_word' id='word_1_161' title='bbox 441 3278 474 3331; x_wconf 87' lang='lat' dir='ltr'><strong>et</strong></span> <span class='ocrx_word' id='word_1_162' title='bbox 488 3266 582 3330; x_wconf 85' lang='lat' dir='ltr'><strong>facile</strong></span> <span class='ocrx_word' id='word_1_163' title='bbox 605 3263 825 3348; x_wconf 88' lang='lat' dir='ltr'><strong>deprehendet</strong></span> <span class='ocrx_word' id='word_1_164' title='bbox 838 3286 904 3348; x_wconf 90' lang='lat' dir='ltr'><strong>qua</strong></span> <span class='ocrx_word' id='word_1_165' title='bbox 914 3265 1102 3330; x_wconf 85' lang='lat' dir='ltr'><strong>sinceritate</strong></span> <span class='ocrx_word' id='word_1_166' title='bbox 1117 3270 1240 3354; x_wconf 87' lang='lat' dir='ltr'><strong>episco·</strong></span> <span class='ocrx_word' id='word_1_167' title='bbox 1266 3322 1275 3336; x_wconf 86' lang='lat'><strong>.</strong></span> 
     </span>
     <span class='ocr_line' id='line_1_26' title="bbox 284 3366 1240 3452; baseline 0.003 -21"><span class='ocrx_word' id='word_1_168' title='bbox 284 3389 399 3452; x_wconf 91' lang='lat' dir='ltr'><strong>porum</strong></span> <span class='ocrx_word' id='word_1_169' title='bbox 411 3379 571 3450; x_wconf 89' lang='lat' dir='ltr'><strong>concepta</strong></span> <span class='ocrx_word' id='word_1_170' title='bbox 586 3366 628 3430; x_wconf 90' lang='lat' dir='ltr'><strong>sit</strong></span> <span class='ocrx_word' id='word_1_171' title='bbox 642 3367 713 3431; x_wconf 83' lang='lat' dir='ltr'><strong>haec</strong></span> <span class='ocrx_word' id='word_1_172' title='bbox 728 3366 899 3444; x_wconf 87' lang='lat' dir='ltr'><strong>attestatio,</strong></span> <span class='ocrx_word' id='word_1_173' title='bbox 910 3388 984 3450; x_wconf 73' lang='lat' dir='ltr'><strong>quas</strong></span> <span class='ocrx_word' id='word_1_174' title='bbox 998 3367 1095 3431; x_wconf 84' lang='lat' dir='ltr'><strong>fuerit</strong></span> <span class='ocrx_word' id='word_1_175' title='bbox 1109 3369 1240 3433; x_wconf 86' lang='lat' dir='ltr'><strong>intentio</strong></span> 
     </span>
     <span class='ocr_line' id='line_1_27' title="bbox 285 3466 1240 3552; baseline 0.003 -22"><span class='ocrx_word' id='word_1_176' title='bbox 285 3468 399 3530; x_wconf 79' lang='lat' dir='ltr'><strong>scribae</strong></span> <span class='ocrx_word' id='word_1_177' title='bbox 410 3468 517 3543; x_wconf 85' lang='lat' dir='ltr'><strong>vestri,</strong></span> <span class='ocrx_word' id='word_1_178' title='bbox 528 3466 583 3549; x_wconf 92' lang='lat' dir='ltr'><strong>qui</strong></span> <span class='ocrx_word' id='word_1_179' title='bbox 598 3466 761 3545; x_wconf 86' lang='lat' dir='ltr'><strong>quoniam,</strong></span> <span class='ocrx_word' id='word_1_180' title='bbox 774 3466 916 3529; x_wconf 89' lang='lat' dir='ltr'><strong>Domino</strong></span> <span class='ocrx_word' id='word_1_181' title='bbox 930 3467 1025 3529; x_wconf 85' lang='lat' dir='ltr'><strong>aliter</strong></span> <span class='ocrx_word' id='word_1_182' title='bbox 1038 3466 1240 3552; x_wconf 84' lang='lat' dir='ltr'><strong>disponente,</strong></span> 
     </span>
     <span class='ocr_line' id='line_1_28' title="bbox 286 3566 1240 3650; baseline 0.003 -22"><span class='ocrx_word' id='word_1_183' title='bbox 286 3566 375 3650; x_wconf 92' lang='lat' dir='ltr'><strong>quod</strong></span> <span class='ocrx_word' id='word_1_184' title='bbox 390 3566 552 3629; x_wconf 85' lang='lat' dir='ltr'><strong>ambiebat</strong></span> <span class='ocrx_word' id='word_1_185' title='bbox 572 3586 644 3628; x_wconf 86' lang='lat' dir='ltr'><strong>esse</strong></span> <span class='ocrx_word' id='word_1_186' title='bbox 667 3587 732 3628; x_wconf 92' lang='lat' dir='ltr'><strong>non</strong></span> <span class='ocrx_word' id='word_1_187' title='bbox 749 3566 859 3643; x_wconf 83' lang='lat' dir='ltr'><strong>valuit,</strong></span> <span class='ocrx_word' id='word_1_188' title='bbox 873 3566 1120 3632; x_wconf 73' lang='lat' dir='ltr'><strong>cantuariensis</strong></span> <span class='ocrx_word' id='word_1_189' title='bbox 1139 3570 1240 3633; x_wconf 89' lang='lat' dir='ltr'><strong>archi·</strong></span> 
     </span>
     <span class='ocr_line' id='line_1_29' title="bbox 287 3664 1240 3751; baseline 0.003 -22"><span class='ocrx_word' id='word_1_190' title='bbox 287 3665 510 3751; x_wconf 66' lang='lat' dir='ltr'><strong>episcopusin</strong></span> <span class='ocrx_word' id='word_1_191' title='bbox 522 3666 701 3748; x_wconf 81' lang='lat' dir='ltr'><strong>Anglicana</strong></span> <span class='ocrx_word' id='word_1_192' title='bbox 711 3664 850 3730; x_wconf 86' lang='lat' dir='ltr'><strong>ecclesis</strong></span> <span class='ocrx_word' id='word_1_193' title='bbox 859 3665 899 3729; x_wconf 90' lang='lat' dir='ltr'><strong>de</strong></span> <span class='ocrx_word' id='word_1_194' title='bbox 909 3687 1084 3746; x_wconf 83' lang='lat' dir='ltr'><strong>consensu,</strong></span> <span class='ocrx_word' id='word_1_195' title='bbox 1095 3671 1240 3746; x_wconf 89' lang='lat' dir='ltr'><strong>consilio,</strong></span> 
     </span>
     <span class='ocr_line' id='line_1_30' title="bbox 286 3767 1239 3854; baseline 0.003 -23"><span class='ocrx_word' id='word_1_196' title='bbox 286 3778 319 3831; x_wconf 88' lang='lat' dir='ltr'><strong>et</strong></span> <span class='ocrx_word' id='word_1_197' title='bbox 347 3769 534 3833; x_wconf 86' lang='lat' dir='ltr'><strong>auctoritate</strong></span> <span class='ocrx_word' id='word_1_198' title='bbox 559 3788 680 3841; x_wconf 88' lang='lat' dir='ltr'><strong>eorum,</strong></span> <span class='ocrx_word' id='word_1_199' title='bbox 711 3768 767 3852; x_wconf 92' lang='lat' dir='ltr'><strong>qui</strong></span> <span class='ocrx_word' id='word_1_200' title='bbox 796 3767 959 3831; x_wconf 88' lang='lat' dir='ltr'><strong>Christum</strong></span> <span class='ocrx_word' id='word_1_201' title='bbox 995 3781 1239 3854; x_wconf 87' lang='lat' dir='ltr'><strong>persequuntur,</strong></span> 
     </span>
     <span class='ocr_line' id='line_1_31' title="bbox 287 3867 1241 3954; baseline 0.005 -24"><span class='ocrx_word' id='word_1_202' title='bbox 287 3870 393 3933; x_wconf 82' lang='lat' dir='ltr'><strong>lactus</strong></span> <span class='ocrx_word' id='word_1_203' title='bbox 407 3880 456 3932; x_wconf 89' lang='lat' dir='ltr'><strong>est</strong></span> <span class='ocrx_word' id='word_1_204' title='bbox 469 3867 750 3951; x_wconf 79' lang='lat' dir='ltr'><strong>archisynagogus.</strong></span> <span class='ocrx_word' id='word_1_205' title='bbox 780 3868 916 3951; x_wconf 85' lang='lat' dir='ltr'><strong>Scripsit</strong></span> <span class='ocrx_word' id='word_1_206' title='bbox 930 3868 960 3931; x_wconf 91' lang='lat' dir='ltr'><strong>ei</strong></span> <span class='ocrx_word' id='word_1_207' title='bbox 975 3891 1080 3954; x_wconf 89' lang='lat' dir='ltr'><strong>nuper</strong></span> <span class='ocrx_word' id='word_1_208' title='bbox 1093 3867 1241 3935; x_wconf 88' lang='lat' dir='ltr'><strong>domiuus</strong></span> 
     </span>
    </p>
   </div>
   <div class='ocr_carea' id='block_1_4' title="bbox 288 3969 1243 4461">
    <p class='ocr_par' dir='ltr' id='par_1_5' title="bbox 288 3969 1243 4461">
     <span class='ocr_line' id='line_1_32' title="bbox 289 3969 1243 4052; baseline 0.004 -21"><span class='ocrx_word' id='word_1_209' title='bbox 289 3990 347 4031; x_wconf 81' lang='lat' dir='ltr'><strong>rex</strong></span> <span class='ocrx_word' id='word_1_210' title='bbox 358 3990 416 4051; x_wconf 91' lang='lat' dir='ltr'><strong>per</strong></span> <span class='ocrx_word' id='word_1_211' title='bbox 425 3969 633 4052; x_wconf 87' lang='lat' dir='ltr'><strong>Radulphum</strong></span> <span class='ocrx_word' id='word_1_212' title='bbox 645 3970 853 4034; x_wconf 90' lang='lat' dir='ltr'><strong>Dicetensem</strong></span> <span class='ocrx_word' id='word_1_213' title='bbox 865 3970 1131 4036; x_wconf 84' lang='lat' dir='ltr'><strong>archidiaconum</strong></span> <span class='ocrx_word' id='word_1_214' title='bbox 1143 3995 1243 4050; x_wconf 88' lang='lat' dir='ltr'><strong>suum,</strong></span> 
     </span>
     <span class='ocr_line' id='line_1_33' title="bbox 288 4068 1242 4158; baseline 0.004 -27"><span class='ocrx_word' id='word_1_215' title='bbox 288 4068 377 4155; x_wconf 91' lang='lat' dir='ltr'><strong>quod</strong></span> <span class='ocrx_word' id='word_1_216' title='bbox 399 4090 433 4132; x_wconf 92' lang='lat' dir='ltr'><strong>se</strong></span> <span class='ocrx_word' id='word_1_217' title='bbox 455 4081 557 4133; x_wconf 90' lang='lat' dir='ltr'><strong>totum</strong></span> <span class='ocrx_word' id='word_1_218' title='bbox 580 4092 713 4151; x_wconf 77' lang='lat' dir='ltr'><strong>regnum</strong></span> <span class='ocrx_word' id='word_1_219' title='bbox 736 4094 829 4136; x_wconf 89' lang='lat' dir='ltr'><strong>suum</strong></span> <span class='ocrx_word' id='word_1_220' title='bbox 851 4083 886 4136; x_wconf 88' lang='lat' dir='ltr'><strong>et</strong></span> <span class='ocrx_word' id='word_1_221' title='bbox 906 4093 1052 4152; x_wconf 84' lang='lat' dir='ltr'><strong>causam,</strong></span> <span class='ocrx_word' id='word_1_222' title='bbox 1067 4096 1141 4158; x_wconf 82' lang='lat' dir='ltr'><strong>quae</strong></span> <span class='ocrx_word' id='word_1_223' title='bbox 1164 4076 1242 4138; x_wconf 86' lang='lat' dir='ltr'><strong>inter</strong></span> 
     </span>
     <span class='ocr_line' id='line_1_34' title="bbox 288 4171 1242 4260; baseline 0.001 -24"><span class='ocrx_word' id='word_1_224' title='bbox 288 4194 359 4236; x_wconf 87' lang='lat' dir='ltr'><strong>eum</strong></span> <span class='ocrx_word' id='word_1_225' title='bbox 380 4180 411 4234; x_wconf 89' lang='lat' dir='ltr'><strong>et</strong></span> <span class='ocrx_word' id='word_1_226' title='bbox 433 4171 616 4236; x_wconf 87' lang='lat' dir='ltr'><strong>Ecclesiam</strong></span> <span class='ocrx_word' id='word_1_227' title='bbox 632 4174 772 4249; x_wconf 81' lang='lat' dir='ltr'><strong>vertitur,</strong></span> <span class='ocrx_word' id='word_1_228' title='bbox 793 4174 896 4257; x_wconf 88' lang='lat' dir='ltr'><strong>ipsius</strong></span> <span class='ocrx_word' id='word_1_229' title='bbox 918 4184 1074 4256; x_wconf 83' lang='lat' dir='ltr'><strong>tanquam</strong></span> <span class='ocrx_word' id='word_1_230' title='bbox 1098 4178 1198 4260; x_wconf 87' lang='lat' dir='ltr'><strong>patris</strong></span> <span class='ocrx_word' id='word_1_231' title='bbox 1212 4185 1242 4238; x_wconf 88' lang='lat' dir='ltr'><strong>et</strong></span> 
     </span>
     <span class='ocr_line' id='line_1_35' title="bbox 288 4272 1243 4361; baseline 0.004 -22"><span class='ocrx_word' id='word_1_232' title='bbox 288 4272 470 4339; x_wconf 84' lang='lat' dir='ltr'><strong>fidelissimi</strong></span> <span class='ocrx_word' id='word_1_233' title='bbox 481 4273 589 4352; x_wconf 89' lang='lat' dir='ltr'><strong>amici,</strong></span> <span class='ocrx_word' id='word_1_234' title='bbox 600 4276 773 4339; x_wconf 90' lang='lat' dir='ltr'><strong>committit</strong></span> <span class='ocrx_word' id='word_1_235' title='bbox 784 4275 964 4352; x_wconf 87' lang='lat' dir='ltr'><strong>arbitri0‚et</strong></span> <span class='ocrx_word' id='word_1_236' title='bbox 973 4279 1136 4361; x_wconf 74' lang='lat' dir='ltr'><strong>precipit,</strong></span> <span class='ocrx_word' id='word_1_237' title='bbox 1151 4290 1186 4342; x_wconf 88' lang='lat' dir='ltr'><strong>ut</strong></span> <span class='ocrx_word' id='word_1_238' title='bbox 1197 4279 1243 4342; x_wconf 90' lang='lat' dir='ltr'><strong>sui</strong></span> 
     </span>
     <span class='ocr_line' id='line_1_36' title="bbox 289 4376 1243 4461; baseline -0.001 -19"><span class='ocrx_word' id='word_1_239' title='bbox 289 4378 442 4442; x_wconf 85' lang='lat' dir='ltr'><strong>officiales</strong></span> <span class='ocrx_word' id='word_1_240' title='bbox 464 4376 494 4441; x_wconf 91' lang='lat' dir='ltr'><strong>ei</strong></span> <span class='ocrx_word' id='word_1_241' title='bbox 516 4376 550 4439; x_wconf 92' lang='lat' dir='ltr'><strong>in</strong></span> <span class='ocrx_word' id='word_1_242' title='bbox 575 4378 724 4441; x_wconf 89' lang='lat' dir='ltr'><strong>omnihus</strong></span> <span class='ocrx_word' id='word_1_243' title='bbox 746 4397 980 4461; x_wconf 88' lang='lat' dir='ltr'><strong>usquequaque</strong></span> <span class='ocrx_word' id='word_1_244' title='bbox 999 4378 1167 4444; x_wconf 78' lang='lat' dir='ltr'><strong>obediant</strong></span> <span class='ocrx_word' id='word_1_245' title='bbox 1211 4378 1243 4443; x_wconf 90' lang='lat' dir='ltr'><strong>Si</strong></span> 
     </span>
    </p>
   </div>
   <div class='ocr_carea' id='block_1_5' title="bbox 0 0 1546 5500">
    <p class='ocr_par' dir='ltr' id='par_1_6' title="bbox 0 0 1546 5500">
     <span class='ocr_line' id='line_1_37' title="bbox 0 0 1546 5500; baseline 0 0"><span class='ocrx_word' id='word_1_246' title='bbox 0 0 1546 5500; x_wconf 95' lang='lat' dir='ltr'><strong> </strong></span> 
     </span>
    </p>
   </div>
  </div>
 </body>
</html>
