3034 5500
303 746 365 805 160
550 753 688 799 ioannis
704 748 984 794 sannsnnrunssrs
1165 729 1209 809 [s.
1226 745 1253 791 u.

298 912 408 994 itaque
422 904 598 990 dignationi
615 915 738 975 vestra,
755 922 856 986 usque
877 897 920 963 ad
935 897 1069 963 illorum
1085 898 1251 963 adrentum

296 1032 424 1075 causam
448 1006 672 1071 monachorum
697 1001 798 1067 sancti
819 1002 955 1081 Bertini,
969 1014 1003 1067 et
1027 1000 1158 1066 Osberti
1174 1001 1252 1066 Ebo-

299 1133 362 1176 rac.
385 1108 505 1174 archid.
521 1121 553 1172 et
572 1107 599 1169 si
614 1126 680 1191 qua
695 1127 763 1183 nos,
777 1117 809 1168 et
825 1124 961 1187 regnum
989 1100 1120 1188 Angliae
1134 1103 1252 1188 negotis

297 1211 498 1296 contingunt,
514 1207 723 1294 suspendere:
752 1207 904 1290 quoniam
920 1202 968 1267 illi
983 1226 1084 1290 super
1096 1204 1147 1269 his
1161 1208 1251 1270 omni·

298 1313 361 1375 bus
375 1310 594 1376 discretionem
613 1320 748 1372 vestram
764 1305 881 1369 sacient
897 1304 1080 1384 certiorem,
1094 1319 1127 1370 et
1142 1305 1251 1369 auditis

297 1414 343 1476 eis
368 1413 408 1476 ad
433 1412 569 1496 singula,
598 1409 737 1474 Domino
767 1406 919 1492 propitio,
947 1407 1057 1472 tutius
1086 1419 1120 1471 et
1150 1404 1250 1471 utilius

296 1515 488 1601 procedetis.

473 1734 696 1799 EPISTOLA
718 1733 898 1796 CXL-ao
914 1748 1073 1793 nunonis.

538 1883 679 1947 Domino
694 1882 797 1962 Popoe
814 1881 1006 1943 Alccnrrdro.

343 2020 493 2083 Pescen
506 2015 700 2099 opinionem,
715 2025 747 2076 et
763 2025 873 2076 contra
883 2034 982 2098 spem,
996 2011 1119 2077 litterae
1133 2025 1248 2088 vestre,

298 2139 435 2205 quarum
446 2114 592 2201 jucunda
604 2114 682 2178 solet
698 2137 765 2177 esse
774 2111 950 2198 conceptio,
963 2113 1057 2178 nobis
1072 2116 1247 2180 moestitiam

203 2236 210 2245 ‘
297 2216 485 2283 attulerunt.
531 2217 637 2292 Quum
668 2216 752 2277 enim
783 2215 823 2277 ad
855 2213 994 2278 Galliam
1026 2239 1101 2280 cum
1133 2240 1249 2282 summo

297 2317 454 2382 desiderio
463 2314 719 2401 praestolaremur
730 2315 903 2379 adventum
912 2317 1249 2401 vestrum,acoepimur

299 2442 355 2482 vos
378 2418 418 2480 ad
442 2416 566 2486 urbem,
591 2414 712 2478 utinam
736 2414 927 2480 salubriter!
959 2438 1029 2480 esse
1049 2438 1202 2490 reversos,
1223 2427 1250 2479 et

298 2519 364 2605 spei
387 2529 503 2582 nostrae
526 2519 570 2580 sic
596 2528 780 2579 evacuatam
803 2539 870 2580 esse
895 2516 1054 2583 laetitiam.
1101 2521 1252 2583 Praeterea

298 2622 467 2708 petitiones
496 2629 612 2682 nostrae
641 2631 813 2682 caruerunt
843 2618 969 2696 effectu,
995 2619 1074 2705 qnia
1098 2620 1251 2684 seriniarii

300 2722 409 2800 vestri,
429 2735 466 2788 ut
489 2720 667 2807 scripsistis,
688 2733 812 2786 nostras
826 2719 910 2784 forte
928 2719 1052 2785 litteras
1072 2722 1251 2787 amiserunt

301 2826 370 2888 Nos
384 2837 489 2890 autem
504 2822 665 2909 quomodo
679 2842 847 2907 possumus
865 2821 1071 2887 acerbitatem
1089 2824 1251 2910 utriusque

301 2924 467 2989 infortunii
496 2923 681 3003 relevanteS,
710 2923 840 2987 nuntios
874 2922 932 3009 qui
962 2946 1019 2985 vos
1048 2923 1120 2989 vice
1150 2937 1251 2988 nostra

302 3027 441 3099 visitent,
464 3036 496 3088 et
522 3026 699 3089 litterarum
728 3024 844 3088 damna
869 3039 1060 3102 restaurent,
1085 3025 1146 3089 sub
1171 3026 1250 3089 omni

300 3126 461 3191 celeritate
476 3125 631 3188 adsedem
649 3123 852 3211 apostolicam
865 3124 1082 3190 destinamus:
1109 3141 1250 3211 rogantes

302 3241 338 3292 ut
367 3248 493 3289 causam
517 3227 745 3290 monachorum
775 3227 874 3290 sancti
901 3227 1039 3304 Bertini,
1061 3242 1095 3293 et
1126 3228 1250 3294 Osberti

300 3328 512 3393 Eboracensis
521 3328 744 3408 archidiaconi,
755 3341 787 3393 et
801 3328 828 3393 si
839 3351 903 3415 qua
915 3329 955 3391 ad
968 3351 1037 3405 nos,
1052 3328 1106 3393 vel
1122 3353 1249 3416 regnum

301 3429 429 3514 Anglioe
444 3428 571 3513 negotia
586 3443 741 3515 spectant,
758 3453 859 3517 usque
874 3431 914 3494 ad
929 3430 1057 3495 illorum
1081 3432 1249 3498 adrentum

297 3530 443 3617 protrahi
464 3530 598 3594 faciatis.
650 3531 719 3594 lllis
734 3536 817 3597 enim
841 3532 972 3610 auditis,
995 3547 1129 3598 auctore
1145 3534 1249 3598 Domi·

301 3655 355 3708 no,
371 3629 497 3715 singula
512 3630 671 3694 salubrius
686 3634 842 3695 statuetis.

449 3908 671 4000 EPISTOLA
694 3936 891 4000 CXIL—an
907 3955 1102 4001 annuorum.

302 4090 413 4150 Amico
427 4105 486 4149 suo
505 4086 669 4148 cas-issima
683 4087 839 4165 magistro
858 4086 999 4169 Emulso
1011 4107 1095 4151 auur
1111 4090 1248 4153 Jounnct

430 4188 580 4261 saluum,
594 4194 626 4249 et
642 4204 724 4248 oerae
743 4187 919 4249 dilectionis
933 4188 1127 4269 obsequium.

345 4321 516 4382 Domuum
536 4316 757 4381 cancellarium
779 4318 843 4381 scio
861 4320 1091 4403 emergentium
1114 4320 1246 4385 tumultu
