3034 5500
156 745 360 826 lite—61]
549 760 725 808 emmona.
1081 754 1122 812 65

153 911 248 976 beato
262 911 428 995 Eugenio,
437 910 577 998 quando,
590 910 693 995 prima
703 911 863 998 legatione
876 915 971 980 missa
981 915 1014 980 in
1027 919 1116 1003 regni

152 1011 199 1076 sui
211 1013 319 1092 initio,
331 1012 412 1077 tanti
422 1013 491 1078 ausi
502 1013 735 1099 impudentiam
747 1027 854 1080 tumor
863 1016 1072 1084 intolerabilis
1083 1033 1119 1085 et

151 1113 263 1198 lingua
289 1115 420 1179 incauta
445 1115 575 1181 detexit.
610 1115 823 1181 Promittebat
847 1118 933 1182 enim
960 1142 993 1184 se
1018 1121 1116 1187 totius

153 1216 237 1281 orbis
259 1217 508 1281 reformaturum
533 1217 768 1302 imperiumst
789 1219 860 1284 urbi
878 1221 1113 1306 subjiciendum

152 1317 276 1393 orbem,
308 1328 491 1405 eventuque
528 1318 612 1383 facili
645 1320 753 1385 omnia
783 1321 1001 1401 subacturum,
1028 1325 1053 1388 si
1083 1325 1112 1389 ei

152 1417 192 1483 ad
214 1421 278 1484 hoc
299 1418 397 1483 solius
427 1418 565 1483 Romani
587 1421 745 1505 pontilicis
769 1421 856 1487 favor
883 1423 1015 1490 adesset.
1071 1427 1111 1490 ld

152 1519 239 1583 enim
251 1525 380 1605 agebat,
392 1519 469 1584 utin
481 1542 718 1609 quemcumque
727 1523 928 1588 denuncietis
938 1525 1112 1592 inimicitiis

153 1622 352 1687 materialem
373 1622 516 1707 gladium
536 1622 718 1708 imperator,
734 1624 767 1688 in
787 1625 925 1690 eundem
947 1626 1112 1693 Romanus

152 1723 296 1810 pontifex
318 1725 515 1811 spiritualem
536 1725 679 1810 gladium
701 1739 856 1791 exereret.
895 1729 968 1791 Non
989 1729 1112 1794 invenit

151 1825 258 1890 adhuc
274 1827 330 1914 qui
345 1838 442 1891 tantae
454 1828 649 1892 consentiret
663 1828 837 1914 iniquitati,
849 1828 981 1916 ipsoque
997 1853 1111 1916 repug-

151 1940 251 1991 nante
281 1932 404 2014 Moyse,
426 1929 446 1992 i.
462 1952 490 1995 e.
514 1928 752 1993 contradicente
780 1928 851 2014 lege
878 1930 1022 2010 Domini,
1047 1932 1109 1995 Ba-

148 2028 315 2094 immitam
326 2029 384 2094 sibi
396 2029 506 2095 ascivit
515 2029 711 2115 pontificem,
724 2053 887 2118 perquem
903 2031 1109 2098 malediceret

149 2130 268 2216 populo
301 2130 442 2197 Domini.
482 2131 603 2196 Filium
634 2132 743 2219 itaque
774 2132 1018 2210 maledictionis,
1051 2158 1109 2223 per

150 2235 239 2319 cujus
264 2235 521 2320 designationem
548 2251 581 2299 et
612 2235 878 2322 expectationem,
902 2259 960 2322 per
991 2238 1109 2304 multas

147 2339 371 2421 successiones,
386 2361 406 2403 a
422 2337 534 2423 primis
553 2337 683 2402 familiae
703 2340 846 2424 patribus
866 2341 1037 2428 adipsum,
1054 2342 1107 2407 cui

149 2444 380 2522 reservabatur,
395 2440 559 2505 maledicti
574 2441 747 2507 derivatum
770 2453 818 2506 est
833 2454 866 2507 et
881 2466 1058 2528 cognomen
1074 2460 1107 2511 et

149 2567 275 2611 nomen.
323 2548 368 2609 Et
397 2543 478 2607 forte
504 2543 545 2606 ad
571 2543 790 2628 purgationem
823 2557 857 2608 et
885 2547 1105 2631 probationem

148 2645 292 2711 ecclesias
318 2646 486 2725 Romanoe,
502 2644 753 2710 Teutonicorum
777 2647 927 2731 impetus,
951 2661 1105 2736 tanquam

148 2748 321 2814 Cananeus
334 2746 424 2828 alter,
435 2746 563 2813 relictus
578 2761 626 2812 est
640 2748 673 2811 in
689 2760 859 2827 aetemum,
875 2761 911 2812 ut
925 2772 1051 2837 semper
1064 2753 1104 2817 ad

146 2850 363 2914 eruditionem
381 2849 479 2935 ipsam
501 2849 667 2937 inquietet,
686 2850 850 2934 victusque
869 2865 1006 2929 corruat,
1023 2852 1104 2938 ipsa-

146 2974 209 3039 que
232 2951 355 3029 l'ortior,
369 2951 485 3037 gratior
503 2963 537 3017 et
555 2951 721 3039 gloriosior
737 2950 850 3036 Sponsi
872 2951 1023 3016 reddatur
1036 2976 1106 3018 am·

147 3054 295 3141 plexibus
316 3065 385 3140 post
406 3054 613 3141 triumphum.
661 3054 713 3119 Sic
738 3054 780 3119 ad
801 3054 937 3139 gloriam
964 3066 1102 3140 patrum,

145 3170 225 3221 teste
243 3156 449 3223 [aterauensi
464 3156 592 3242 palatio,
604 3156 659 3221 ubi
675 3156 734 3221 hoc
749 3156 961 3222 invisibilibus
972 3157 1104 3244 picturis

148 3271 178 3323 et
198 3258 273 3323 laici
295 3258 416 3344 legunt,
432 3259 474 3323 ed
495 3258 628 3343 gloriam
651 3272 790 3344 patrum,
804 3259 1007 3339 schismatici,
1022 3284 1102 3349 quos

146 3362 294 3427 secularis
308 3372 446 3448 potestus
460 3361 599 3440 intmsit,
610 3363 728 3426 dantur
741 3362 947 3449 pontificibus
961 3385 1018 3450 pro
1033 3387 1102 3429 sca-

144 3462 238 3545 bello,
249 3475 283 3527 et
297 3486 408 3527 eorum
424 3463 612 3527 memoriam
629 3464 773 3528 recolunt
784 3466 900 3551 posteri
917 3488 974 3551 pro
988 3467 1101 3531 trium-

144 3564 215 3651 pho.
242 3566 363 3630 Libera
374 3564 495 3629 debent
506 3588 574 3629 esse
584 3566 716 3650 judicia,
730 3579 764 3631 et
778 3567 920 3654 quisquis
932 3591 970 3633 ea
981 3570 1100 3636 viribus

143 3667 253 3733 nititur
268 3667 466 3754 perturbare,
477 3668 646 3754 capitalem
662 3669 854 3758 abantiquis
868 3672 1101 3738 constitutioni·

144 3769 201 3835 bus
215 3782 359 3835 meretur
377 3793 516 3856 poenam.
542 3771 641 3837 Porro
663 3772 876 3837 ecclesiastiea
889 3773 1010 3841 debent
1030 3800 1098 3843 esse

143 3870 315 3949 liberrima,
339 3873 435 3937 etde
458 3895 617 3938 sacrorum
641 3897 798 3939 canonum
821 3876 995 3955 sanctione,
1017 3879 1099 3944 sicut

141 3976 253 4041 electio
268 3975 402 4063 pastoris
413 3988 462 4040 est
475 3976 508 4039 in
524 3976 658 4041 ecclesia
672 3976 783 4055 libere,
795 3990 829 4042 et
842 3977 910 4043 sine
925 3980 1098 4045 mundanoe

143 4078 305 4162 potestatis
331 4076 616 4163 praenominatione
638 4077 839 4155 celebrande,
860 4079 905 4142 sic
927 4078 1040 4143 eadem
1063 4082 1096 4145 in

142 4179 272 4245 ecclesia
293 4202 314 4244 a
331 4178 495 4264 judicibus
517 4179 747 4257 ecclesiasticis,
763 4180 878 4244 amotis
900 4179 1096 4245 secularibus

142 4282 397 4368 terribilibusque
412 4282 564 4368 personis,
576 4283 751 4347 secundum
768 4282 893 4366 regulas
907 4281 1095 4345 ecclesiasti·

145 4403 190 4446 cns
199 4382 416 4448 examinanda
426 4392 489 4446 est:
514 4381 666 4469 quicquid
679 4405 752 4447 vero
764 4396 873 4447 contra
885 4380 1096 4467 proesumitur,

182 4506 251 4551 von.
277 4507 301 4552 1.
622 4505 641 4548 r
