3034 5500
405 758 445 816 78
652 769 788 813 Joaurus
805 764 1082 811 sannsnamnusrs
1261 740 1304 820 [a.
1322 760 1348 804 n.

404 920 471 985 bris
479 921 510 983 in
521 918 677 983 desiderio
685 932 716 982 et
728 910 1350 1004 speadventusvestri‚expectatquidem

403 1035 435 1087 et
456 1033 573 1108 sperat,
592 1033 624 1085 et
642 1023 768 1085 interim
791 1040 899 1083 aurem
924 1015 1052 1081 surdam
1073 1025 1208 1101 praestat
1230 1013 1350 1077 vocanti

403 1136 539 1204 naturae,
553 1134 585 1188 et
600 1133 723 1185 recusat
743 1119 852 1183 oculos
873 1116 1021 1182 claudere
1042 1116 1100 1179 nisi
1117 1114 1258 1201 proevisa
1278 1113 1352 1178 facie

404 1237 518 1290 restra.
565 1225 696 1289 Summa
715 1222 825 1308 itaque
845 1242 975 1306 precum
995 1231 1027 1282 et
1050 1217 1202 1282 desiderii
1217 1216 1280 1280 mei
1299 1228 1352 1293 est,

405 1340 454 1399 ut,
479 1348 577 1413 quam
603 1327 667 1390 cito
688 1335 869 1411 opportune
895 1319 1000 1384 redire
1029 1319 1188 1406 poteritis,
1211 1318 1353 1383 redeatisss

404 1431 564 1494 Praeterea
585 1427 670 1490 fama
684 1439 732 1490 est
752 1424 839 1510 quod
860 1425 1032 1510 imperator
1054 1445 1112 1509 per
1133 1419 1352 1485 cancellarium

406 1530 616 1608 suum,rosin
627 1527 835 1615 apostolicum
846 1548 949 1603 suum,
960 1525 1205 1612 qualiscumque
1215 1524 1256 1587 sit
1265 1546 1355 1587 causa

406 1635 487 1722 ejus,
498 1633 613 1698 nititur
623 1630 784 1706 inclinare,
795 1629 849 1693 sed
867 1628 1005 1692 Domino
1017 1640 1206 1713 protegente
1217 1627 1353 1689 animum

406 1749 560 1814 vestrum,
591 1739 696 1801 Deum
726 1733 857 1797 cuilibet
889 1731 1007 1795 homini
1032 1729 1219 1816 praet'eretis.
1266 1727 1354 1792 Scitis

406 1840 485 1928 quia
506 1841 700 1904 Maledictus
723 1845 770 1901 est
788 1839 889 1900 omnis
907 1838 964 1918 qai
978 1837 1108 1916 confidit
1121 1835 1158 1895 ira
1176 1835 1315 1907 homine,
1328 1840 1356 1896 et

404 1945 498 2024 ponit
512 1962 641 2006 comem
660 1941 824 2002 brachium
841 1959 949 2002 suum.
994 1938 1038 2001 Et
1062 1934 1195 2021 quidem
1216 1934 1249 1997 in
1267 1936 1356 1998 rebus

408 2053 473 2105 tam
497 2039 607 2106 arduis
628 2053 659 2105 et
684 2053 748 2104 tam
772 2039 956 2124 periculosis
978 2038 1081 2102 tutius
1103 2049 1151 2100 est
1174 2036 1304 2099 differre
1327 2038 1355 2099 in

408 2154 545 2227 tempus,
566 2164 663 2227 quam
686 2152 760 2204 ante
784 2153 911 2225 tempus
935 2139 1133 2226 praecipitare
1161 2159 1356 2201 consensum.

410 2244 513 2326 Super
525 2242 586 2306 hoc
596 2257 715 2319 autem,
726 2255 758 2305 et
769 2241 962 2327 quibusdam
974 2240 1055 2322 aliis,
1068 2255 1172 2305 vestro
1189 2243 1239 2304 vel
1250 2236 1355 2304 saltem

407 2343 620 2409 archidiaconi
641 2344 702 2408 mei
728 2342 860 2409 consilio
880 2357 911 2409 et
935 2342 1083 2429 praesenti
1105 2341 1269 2428 colloquio
1290 2340 1358 2427 plu-

407 2444 523 2509 rimum
540 2444 725 2535 indigerem.

570 2701 793 2766 EPISTOLA
816 2701 1024 2765 LXIV.-an
1041 2703 1195 2765 snunnu.

741 2819 918 2901 Anglorum
935 2820 1030 2901 Regi.

455 2937 496 3004 Iu
506 2962 543 3002 eo
554 2937 785 3022 maximeviget
794 2950 826 3001 et
838 2936 963 3024 proficit
974 2937 1077 3021 gloria
1090 2937 1245 3025 principis
1256 2939 1360 3003 Chris·

410 3040 500 3116 tiani,
516 3040 540 3103 si
562 3041 649 3125 pium
671 3040 821 3116 Domino,
837 3063 856 3102 a
876 3063 942 3126 quo
964 3039 1065 3103 omnis
1080 3041 1282 3127 principatus
1302 3054 1358 3116 est,

408 3139 564 3224 impendit
574 3138 881 3225 famulatum,eique
890 3141 988 3227 pacis,
999 3141 1205 3208 exultationis
1215 3142 1360 3230 etgloriae

409 3252 619 3325 perpetuatur
628 3239 871 3328 lroereditas‚qui
881 3242 1201 3331 procellascomponit
1213 3245 1360 3310 Ecclesia

409 3338 593 3422 laborantia,
615 3355 646 3406 et
667 3342 766 3419 fideli,
789 3357 821 3407 et
843 3344 927 3408 felici
958 3360 1106 3432 procurat
1137 3346 1305 3433 obsequio,
1326 3360 1361 3411 ut

409 3441 559 3506 exultans
581 3466 695 3528 sponsa
712 3445 831 3531 cupitis
852 3448 957 3532 sponsi
974 3461 1072 3533 queat
1092 3448 1295 3535 amplexibus
1317 3450 1362 3513 in·

409 3542 538 3607 haerere.
586 3547 624 3608 ln
642 3568 674 3609 se
691 3568 766 3611 vero
789 3561 939 3634 provocat
962 3550 1213 3635 omnipotentem
1234 3575 1361 3616 manum

410 3642 577 3725 Altissimi‚
591 3648 648 3735 qui
670 3649 874 3731 naufragium
899 3650 1019 3716 Christi
1036 3651 1129 3737 pleno
1151 3652 1362 3719 miserationis

410 3748 525 3813 affectu
534 3771 594 3813 non
602 3750 796 3839 excipit,qui
807 3749 945 3816 ecclesiae
954 3752 1194 3818 collisionesaut
1204 3768 1363 3843 operatur,

409 3865 467 3916 aut
489 3851 631 3938 negligit,
653 3867 685 3917 et
707 3854 843 3919 abutens
864 3868 1021 3941 potestate
1037 3879 1194 3933 concessa,
1210 3879 1362 3921 consensu

409 3954 496 4018 fovet
526 3953 678 4019 malitiam
710 3978 808 4041 quoru
838 3979 900 4019 non
931 3957 1077 4044 reprimit
1107 3972 1164 4023 aut
1194 3957 1363 4044 extinguit.

414 4053 544 4120 Collisio
556 4056 712 4143 siquidem
729 4056 934 4144 populorum,
950 4073 982 4123 et
999 4058 1180 4125 indubitata
1197 4082 1363 4149 regnorum

411 4154 1363 4246 subversio,etlomesschismatisestpraedamnatiaDomino,

412 4258 523 4343 etjam
535 4257 603 4341 jam
620 4257 754 4323 labentis
769 4258 921 4323 indicium
939 4262 1146 4349 principatus.
1195 4264 1365 4348 Speremus

411 4359 1364 4444 auteminpatremisericordiarum,auctoreconsolationum‚
