3034 5500
153 740 266 820 1166]
548 758 728 805 nprsrorm.
1054 750 1117 808 277

145 910 361 973 conscientiae
385 909 603 987 fundamento,
627 924 660 973 et
683 911 780 973 homo
807 910 1020 992 proculdubio
1043 934 1109 976 non

143 1009 348 1090 praevalebit,
359 1030 419 1072 nec
438 1011 546 1073 timere
563 1021 688 1093 oportet
702 1012 751 1073 vel
768 1022 978 1093 tyrannorum
995 1013 1115 1105 minas,

145 1120 205 1171 aut
227 1109 410 1172 tendiculas
435 1111 605 1173 carnaliter
627 1111 820 1193 sapientum,
835 1123 891 1175 aut
913 1112 1110 1194 proditorum

143 1209 329 1293 perfidiam,
345 1222 400 1274 aut
414 1212 710 1294 pusillanimitatem
727 1212 859 1294 judicis,
876 1225 931 1276 aut
944 1215 1107 1278 avaritiam

143 1319 180 1373 et
194 1312 445 1375 inconstantiam
457 1334 578 1385 eorum,
591 1313 646 1395 qui
664 1323 810 1395 quaerunt
824 1314 857 1375 iu
870 1314 1019 1377 omnibus
1034 1338 1107 1400 quae

143 1433 206 1475 sua
232 1422 318 1486 sunt,
347 1414 460 1488 carnis,
486 1434 549 1475 non
578 1434 651 1497 quae
675 1414 754 1476 Jesu
782 1413 912 1476 Christi.
959 1417 1042 1478 Nam
1071 1430 1106 1480 ut

146 1513 335 1577 fidelissime
354 1515 519 1598 Scriptura
542 1515 647 1592 docet,
664 1516 766 1576 turris
777 1515 966 1594 fortissimo
989 1538 1105 1580 acmen

147 1618 298 1690 Domini,
310 1617 355 1679 od
369 1619 477 1699 ipsum
483 1617 598 1699 justus
613 1617 771 1697 consopit,
784 1623 815 1677 et
832 1616 871 1676 de
885 1619 974 1678 omni
988 1637 1107 1697 anqus-

148 1718 199 1778 tio
220 1716 391 1779 liberatur.
436 1717 521 1789 Quia
544 1735 620 1797 ergo
644 1714 810 1798 parvitatis
834 1736 914 1776 mcae
937 1716 1106 1780 consilium

145 1818 302 1901 quaeritis,
321 1818 454 1881 consulo
477 1836 574 1893 nuuc,
598 1815 682 1899 quod
707 1836 843 1897 semper,
866 1826 901 1878 ut
925 1837 1050 1880 omnem
1074 1829 1106 1881 et

147 1930 250 1981 tritam
266 1940 358 2001 spem
378 1927 519 1980 nostram
543 1916 748 2001 projiciamus
771 1916 805 1976 in
820 1937 905 1993 eum,
920 1918 976 1998 qui
998 1938 1107 1982 eruere

149 2039 211 2081 nos
240 2029 348 2102 potest
377 2040 397 2081 a
425 2018 697 2094 tribulationibus,
728 2039 800 2100 quoe
831 2017 1020 2081 invenerunt
1049 2039 1108 2083 nos

148 2119 256 2182 nimis.
303 2119 397 2190 Quod
422 2132 457 2182 ut
475 2118 564 2202 juste
587 2129 620 2180 ct
644 2116 889 2180 misericorditer
908 2119 991 2195 velit,
1007 2140 1107 2202 pona-

150 2233 391 2297 mus,m0nente
405 2223 537 2302 Aggaeo,
550 2220 649 2283 corda
659 2234 779 2297 nostra,
790 2220 961 2302 supervias
974 2230 1108 2298 nostras,

149 2333 185 2384 et
208 2322 363 2385 facientes
389 2320 585 2405 poenitentiae
609 2321 722 2402 dignos
748 2322 868 2385 fructus
894 2322 1107 2404 suscipiamus

147 2423 302 2504 poculum
325 2423 422 2506 hujus
437 2422 607 2486 salutiferae
632 2423 854 2485 amaritudinis
876 2425 910 2484 in
932 2424 1042 2487 latitia
1067 2424 1107 2487 de

150 2544 248 2586 manu
271 2524 417 2598 Domini,
441 2523 533 2606 cujus
560 2524 744 2586 muneribus
767 2526 937 2586 abutentes
958 2525 1109 2608 pestifera

148 2622 322 2686 dulcedine
343 2644 577 2707 prosperorum,
592 2625 624 2686 in
649 2623 829 2705 perniciem
844 2632 985 2685 nostram
1013 2624 1107 2686 toties

147 2723 318 2788 exhilarati
343 2745 463 2788 sumus.
510 2724 593 2787 Haec
617 2730 668 2786 est
694 2721 779 2784 enim
806 2722 907 2803 gratia
930 2723 1028 2796 illius,
1052 2723 1106 2806 qui

148 2826 195 2888 ita
216 2826 304 2889 novit
327 2826 422 2888 beare
446 2825 567 2888 amicos
590 2844 678 2900 suos,
698 2834 733 2885 ut
757 2843 814 2905 per
837 2822 955 2884 multas
979 2822 1107 2885 tribula·

149 2928 254 2991 tionea
268 2925 469 2989 examinatos
484 2924 682 3009 purgatiores
694 2932 726 2985 et
737 2922 887 2985 clariores
899 2934 932 2984 et
943 2918 1108 2984 solidiores

148 3026 331 3091 introducat
356 3026 396 3090 ad
420 3047 563 3108 regnum.
613 3025 766 3088 Omnium
789 3035 968 3106 temporum
991 3023 1107 3086 seriem

150 3149 383 3210 percurramus,
409 3147 502 3211 quem
529 3128 570 3189 ab
600 3126 691 3188 initio
719 3123 899 3187 invenimus
929 3125 1104 3187 electorum

151 3228 192 3291 de
230 3229 356 3292 deliciis
390 3229 542 3310 migrasse
577 3228 619 3290 ad
657 3225 802 3302 delicias,
839 3245 933 3308 quem
970 3226 1106 3307 legimus

150 3330 202 3393 hic
241 3331 387 3393 floruisse
417 3340 450 3392 et
479 3330 640 3392 exultasse
676 3348 751 3390 cum
789 3324 922 3404 mundo,
951 3338 984 3390 et
1019 3349 1105 3391 nunc

150 3432 184 3493 in
207 3434 351 3495 ubertate
366 3431 526 3493 fructuum
541 3429 642 3492 laetari
665 3437 698 3490 et
719 3447 850 3507 regnare
866 3447 939 3490 cum
956 3427 1106 3493 Christo:

149 3542 259 3596 mente
274 3544 379 3595 antem
400 3532 446 3594 sic
470 3532 655 3594 exulcerata
676 3529 710 3590 in
733 3549 768 3590 se
789 3549 847 3612 per
868 3530 1103 3612 poenitentiam,

149 3656 207 3717 per
228 3633 417 3717 patientiam
438 3633 597 3707 roborata,
623 3642 656 3695 et
680 3630 836 3712 mitigata,
861 3642 894 3693 et
919 3642 1026 3696 erecta
1049 3653 1107 3715 per

148 3756 251 3818 spem,
277 3746 309 3798 et
338 3745 458 3798 sanctae
485 3731 738 3797 conversationis
768 3730 972 3796 testimonia?
1012 3731 1104 3795 Nihil

150 3836 330 3899 consultius
365 3835 511 3910 arbitror,
544 3832 720 3897 secundum
757 3852 796 3894 ea
833 3853 904 3915 qua·
942 3832 1105 3915 proposita

149 3950 233 4017 sunt,
260 3959 357 4020 quam
384 3949 429 4016 ut,
453 3936 617 4021 sequendo
644 3936 816 3998 consilium
841 3936 982 4013 Nicolai‚
1007 3956 1102 4019 quem

149 4040 284 4103 Domini
310 4040 462 4122 Spiritum
489 4040 606 4103 habere
632 4037 773 4115 confido,
798 4036 942 4099 scribatis
967 4036 1104 4121 impera-

148 4138 229 4213 trici‚
246 4153 279 4203 et
300 4139 559 4224 archiepiscopo,
574 4152 607 4203 et
628 4139 791 4222 episcopis
813 4136 1032 4216 Normanniae‚
1047 4159 1104 4201 ros

147 4265 273 4327 semper
289 4243 385 4306 suisse
400 4253 433 4305 et
447 4264 518 4305 esse
534 4255 663 4326 paratos
678 4244 900 4324 obtemperare
908 4238 975 4324 juri
990 4262 1103 4304 secun·

145 4342 222 4405 dum
238 4363 404 4406 censuram
422 4362 592 4417 canonum,
607 4353 639 4405 et
652 4341 756 4406 redire
772 4340 814 4404 ad
830 4339 938 4403 sedem
954 4354 1103 4416 vestram,
