3034 5500
153 760 358 840 llos-61]
556 777 735 823 narsronm.
1082 767 1123 827 58

153 951 213 994 non
225 928 328 994 debet
343 926 527 1012 suffragari,
540 927 627 1014 quod
643 927 729 992 illius
744 926 965 1015 praescriptum
982 929 1117 995 fundum

153 1031 321 1107 advocato,
335 1031 425 1096 sicut
439 1029 528 1093 nobis
544 1029 676 1094 confessi
691 1044 778 1108 sunt,
790 1030 1002 1108 tradiderunt,
1014 1053 1116 1117 quum

152 1132 203 1198 ille
219 1134 275 1220 qni
292 1132 374 1197 dolo
389 1131 485 1197 desiit
499 1131 659 1219 possidere
670 1154 727 1218 pro
742 1155 919 1218 possessore
930 1132 1114 1199 damnetur:

154 1235 236 1299 unde
251 1234 364 1298 locum
380 1231 589 1296 incontinenti
605 1231 786 1310 restituant,
801 1246 834 1297 et
849 1231 1016 1318 pecuniam
1031 1234 1116 1299 infra

153 1335 323 1400 instantem
341 1330 549 1398 festivitatem
569 1332 711 1396 omnium
727 1350 909 1398 sanctorum
924 1334 1116 1419 persolvant.

154 1437 245 1512 Quod
263 1437 289 1501 si
306 1435 463 1500 dominus
478 1434 570 1499 fundi
586 1434 676 1499 vobis
686 1457 889 1522 quacumque
904 1436 1066 1501 occasione
1081 1460 1116 1503 se

155 1539 353 1625 opposuerit,
371 1560 444 1602 eum
461 1536 627 1601 severitate
648 1535 870 1615 ecclesiastica,
886 1536 1030 1602 adhibita
1045 1537 1116 1602 dili-

153 1643 267 1724 gentia,
281 1661 433 1706 coercere
447 1660 509 1705 non
525 1636 689 1704 differatis.

484 1937 706 2001 EPISTOLA
730 1939 786 2000 Ll.

560 2097 709 2160 Cnidum.

194 2257 383 2320 Inrnnnnat
407 2254 466 2320 sibi
482 2253 564 2320 laesit
586 2278 707 2333 nasum,
725 2254 774 2319 vel
793 2255 876 2319 eruit
898 2255 1037 2336 oculum,
1052 2257 1109 2343 qui

154 2354 316 2420 salutifero
343 2356 435 2441 signo
463 2356 575 2445 faciem
602 2358 725 2421 munire
753 2356 904 2444 disponit.
950 2359 1109 2435 Quorsum

153 2456 241 2521 haec?
264 2458 385 2543 inquis.
418 2459 471 2523 Ad
489 2459 542 2522 illa
558 2484 631 2546 quae
647 2460 723 2523 mihi
739 2460 907 2546 scripsistis
923 2460 1109 2546 respondeo,

154 2580 212 2621 non
225 2573 332 2623 tamen
346 2559 522 2626 infortunio
534 2575 591 2626 tuo
601 2562 731 2638 insulto,
745 2562 841 2627 miror
852 2561 964 2647 magis,
976 2574 1007 2625 et
1018 2573 1110 2626 tanto

153 2661 325 2740 acerbiore,
343 2661 452 2726 dolore
474 2663 658 2748 compatior,
677 2677 797 2751 quanto
817 2679 992 2748 utrumque
1012 2662 1109 2725 since-

151 2764 215 2828 rius
230 2763 351 2850 diligo:
380 2787 515 2851 quorum
532 2765 635 2845 alteri,
651 2768 676 2829 si
695 2767 826 2853 querela
836 2767 925 2852 justa
939 2776 998 2842 est,
1013 2786 1109 2849 opera

151 2864 246 2950 periit
261 2878 294 2931 et
309 2866 466 2952 impensa:
494 2871 629 2933 alterum
644 2867 855 2955 perniciosius
869 2865 984 2928 vitium
1005 2864 1110 2947 ingra-

152 2965 302 3032 titudinis
330 2966 529 3033 dehonestat.
573 2970 674 3033 Porro
703 2965 835 3032 alterius
858 2968 986 3051 jactura
1015 2962 1109 3047 longe

150 3069 280 3151 gravior
301 3080 360 3132 est.
406 3067 493 3132 Hinc
515 3067 597 3131 enim
618 3091 735 3149 rerum,
756 3066 832 3131 inde
852 3064 1025 3129 honestatis
1043 3063 1109 3128 dis·

150 3167 315 3253 pendium.
360 3170 533 3251 Caeterum,
549 3171 575 3235 si
597 3171 691 3257 sapis,
708 3171 776 3234 haec
797 3167 953 3233 versatilis
967 3167 1107 3231 fortunae

149 3268 268 3355 injuria
280 3270 344 3335 tuis
360 3272 471 3336 usibus
483 3271 614 3337 militat:
639 3285 821 3359 compensat
833 3270 915 3335 enim
929 3269 1108 3354 cognitione

146 3391 267 3448 rerum,
293 3371 381 3457 quod
408 3372 605 3459 ingratorum
633 3375 712 3440 vitio
737 3375 805 3438 visa
830 3388 877 3437 est
900 3370 1106 3436 subtraxisse.

150 3472 250 3540 Auxit
276 3497 354 3560 ergo
375 3476 593 3561 prudentiam,
615 3500 689 3563 quoe
712 3490 743 3542 te
767 3477 826 3540 hoc
852 3474 983 3540 stimulo
1005 3473 1107 3538 voluit

149 3575 292 3642 excitari.
336 3577 459 3643 Jubent
479 3579 520 3643 ab
542 3580 616 3644 aula
636 3579 734 3644 duces
757 3577 963 3643 mercenarios
982 3576 1109 3657 milites,

148 3678 172 3741 si
207 3678 332 3743 bostem
369 3679 499 3745 fortuna
534 3682 741 3747 subduxerit:
780 3681 889 3746 eodem
924 3679 1108 3744 imminente

147 3779 274 3845 avidius
298 3796 499 3847 revocantur.
555 3783 713 3870 Quisquis
739 3806 815 3869 ergo
845 3782 916 3847 vult
942 3781 1108 3867 stipendiis

146 3882 288 3967 gaudere
310 3883 513 3969 perennibus,
528 3908 548 3948 a
563 3886 677 3950 militia
696 3908 758 3948 non
781 3885 918 3949 recedat.
963 3887 1004 3948 At
1021 3884 1108 3948 istud

148 4004 208 4047 non
224 3982 319 4048 ducis
335 3997 473 4060 tantum,
486 3985 586 4050 hostis
602 4008 733 4071 quoque
746 3984 932 4049 beneficium
948 4000 1005 4049 est.
1031 3984 1107 4048 Pro-

148 4081 232 4148 fecto
251 4084 312 4148 nisi
330 4084 430 4148 mavis
445 4084 655 4161 dissimulare,
669 4084 702 4147 in
722 4098 818 4170 portu
840 4083 981 4168 navigas,
996 4094 1028 4146 et
1050 4103 1110 4168 pro

148 4186 280 4251 arbitrio
305 4201 374 4263 tuo,
391 4198 496 4250 vestra
517 4186 589 4250 licet
605 4186 728 4249 lubrica
744 4185 796 4263 sit,
812 4186 942 4249 fortuna
957 4184 1107 4261 mutabit,

147 4286 235 4353 flabit
262 4288 399 4376 spiritus
430 4300 516 4367 tuus,
542 4286 641 4351 fluent
668 4310 773 4373 aquae,
799 4286 922 4373 grando
947 4284 1103 4358 concidet,

147 4394 385 4458 coruscationes
406 4402 437 4455 et
462 4390 603 4455 tonitrua
622 4389 844 4457 imminebunt.
889 4385 1109 4457 Movebuntur
