3034 5500
276 780 478 854 1159-61.]
683 793 862 839 snrsroms.
1195 784 1236 843 tto

274 947 377 1026 nostri,
395 959 431 1010 et
450 966 554 1032 quam
578 965 688 1007 sumus
708 966 765 1007 nos
787 945 860 1031 ipsi,
883 958 939 1011 aut
955 946 1054 1011 nostri
1071 969 1130 1032 pro
1145 948 1236 1012 nobis

273 1049 385 1115 exinde
409 1048 554 1135 gratiam
578 1046 730 1127 habituri,
751 1069 814 1111 non
843 1052 918 1113 satis
947 1049 1148 1135 exploratum
1177 1062 1235 1114 est.

277 1153 426 1237 Languet
444 1150 531 1214 enim
545 1151 735 1235 plerumque
745 1149 851 1235 gratia
861 1152 1099 1228 defunctorum,
1114 1165 1236 1216 etcum

280 1258 354 1341 ipsis
364 1259 561 1319 meritorum
577 1257 727 1317 memoria
742 1253 853 1319 leviter
870 1256 1037 1320 evanescit.
1062 1257 1235 1341 Speremus

278 1371 392 1431 tamen,
409 1370 444 1420 et
462 1356 586 1421 utinam
609 1378 679 1439 spes
700 1370 809 1420 nostra
833 1357 956 1421 nulium
979 1357 1167 1434 confundat,
1189 1358 1237 1420 in·

278 1459 456 1523 calescente
479 1457 612 1522 caritate
634 1457 665 1519 in
688 1456 840 1522 cordibus
862 1462 1036 1523 amicorum
1055 1472 1235 1523 nostrorum

280 1583 335 1646 per
352 1559 514 1644 Spiritum
532 1559 695 1623 Sanctum.
741 1563 793 1624 Tu
805 1584 881 1624 vero
898 1584 936 1624 ne
951 1561 1030 1646 qnid
1042 1561 1075 1623 in
1089 1559 1236 1623 fraudem

281 1661 378 1747 hujus
407 1659 622 1745 indulgentiae
646 1661 752 1736 facias,
777 1662 880 1726 modis
908 1663 1056 1727 omnibus
1083 1683 1237 1748 proecave,

282 1780 400 1842 certus,
409 1764 489 1850 quia
500 1764 628 1849 justitia
640 1762 770 1827 Domini
782 1765 902 1828 nullius
917 1764 1053 1828 hominis
1069 1786 1174 1827 errore
1185 1762 1239 1826 de-

285 1865 421 1930 luditur.
448 1865 495 1930 Ad
508 1867 576 1929 haec
588 1869 620 1929 in
631 1867 856 1950 promovendis
867 1867 1014 1952 precibus
1025 1866 1141 1931 nostris
1151 1865 1238 1953 apud

286 1967 451 2031 dominum
473 1991 577 2053 regem
605 1991 701 2053 super
721 1969 849 2053 negotio
870 1969 1060 2033 Exoniensis
1085 1967 1237 2046 ecclesiae,

285 2068 486 2131 dilectionem
511 2083 543 2131 et
572 2067 771 2153 diligentiam
803 2085 888 2134 tuam
918 2070 1142 2156 experiendam
1172 2093 1239 2134 esse

284 2169 494 2244 decrevimus,
516 2183 666 2253 rogantes
685 2174 839 2235 attentius
855 2184 891 2235 ut
911 2195 949 2235 ea
963 2173 1007 2236 sic
1022 2195 1183 2257 procures,
1201 2185 1238 2237 ut

287 2274 346 2335 hoc
362 2273 516 2337 absentiae
532 2284 561 2336 et
581 2272 701 2336 domini
716 2275 812 2357 regis,
829 2287 861 2337 et
882 2289 947 2338 tuae
970 2275 1143 2339 habeamus
1158 2276 1239 2339 sola-

286 2373 378 2452 tium,
393 2386 426 2435 et
443 2372 588 2457 promissi
605 2372 737 2436 invicem
759 2376 876 2439 amoris
890 2387 922 2439 et
936 2375 1082 2462 obsequii
1102 2375 1240 2441 certissi-

287 2494 374 2536 mum
390 2485 629 2558 argumentum.
674 2474 712 2536 In
729 2497 767 2537 eo
782 2489 888 2539 autern
910 2498 1019 2540 sumus
1033 2476 1179 2551 articulo,
1201 2489 1239 2543 ut

287 2574 454 2638 consilium
471 2587 615 2638 nostrum
630 2589 811 2660 suspectum
828 2600 896 2642 esse
908 2599 969 2639 non
986 2577 1112 2653 debeat,
1126 2591 1159 2642 et
1174 2601 1240 2665 quo
1300 2591 1304 2597 ”

289 2699 351 2740 non
378 2677 580 2758 auderemus,
610 2679 786 2763 praesertim
810 2679 843 2741 in
872 2678 1090 2742 ecclesiasticis
1118 2679 1241 2764 aliquid

289 2779 461 2866 postulare,
484 2779 572 2867 quod
596 2803 658 2844 non
680 2781 848 2845 credamus
874 2780 1014 2845 Domino
1034 2780 1242 2865 placiturum,

290 2892 323 2942 et
337 2879 477 2943 ecclesiae
491 2893 524 2943 et
539 2901 638 2965 regno
653 2879 842 2954 conducere,
858 2891 890 2941 et
905 2876 1009 2940 modis
1026 2878 1175 2942 omnibus
1189 2902 1244 2944 ex·
1271 2935 1274 2941 ,

290 2983 410 3068 pedire.
433 2983 558 3069 Utique
569 2983 595 3046 si
609 3004 675 3045 rem
686 2981 839 3066 grandem
853 2994 1043 3067 peteremus,
1053 2979 1244 3048 confidimus

292 3107 358 3148 esse
380 3108 436 3149 nos
459 3085 643 3148 audiendos.
691 3083 741 3147 De
772 3083 937 3162 monacho,
962 3083 1073 3169 quise
1095 3084 1243 3149 abbatem

294 3186 404 3251 Boxel.
417 3188 512 3273 gerit,
526 3186 661 3250 rescribe
674 3186 869 3250 voluntatem
885 3184 1006 3252 domini
1022 3186 1108 3271 regis
1122 3198 1156 3251 ct
1170 3208 1244 3250 con·

293 3288 399 3354 silium
415 3302 519 3354 tuum.

294 3568 437 3632 EPIST.
468 3570 699 3634 LXXII.—sn
722 3585 930 3631 nennrrssau
955 3585 996 3629 ns
1016 3586 1245 3635 anseranum.

337 3706 490 3775 Quorum
504 3723 647 3786 personae
657 3700 880 3764 ecclesiasticae
889 3700 1054 3785 omnijure
1065 3712 1247 3789 contempto

295 3802 718 3887 ecclesiasticasimpugnant
727 3802 923 3877 sanctiones,
929 3821 968 3864 eo
978 3800 1107 3886 quidem
1118 3803 1248 3887 gravius

297 3903 468 3988 puniendae
484 3918 570 3980 sunt,
585 3902 701 3989 quoad
715 3902 869 3986 sacrilegii
882 3900 997 3965 crimen
1010 3914 1041 3965 et
1057 3901 1159 3966 scelus
1173 3925 1249 3989 apo-

296 4005 401 4069 stasiae
410 4000 971 4089 quodammodovidenturacccdere.
991 4001 1249 4089 lneossiquidem

297 4106 408 4170 merito
431 4121 598 4168 exercetur
620 4103 775 4167 acerbitas
791 4103 876 4186 juris
891 4102 950 4189 qui
969 4102 1028 4166 sub
1052 4102 1164 4167 habitu
1180 4104 1250 4167 reli.

297 4208 410 4292 gionis,
432 4222 464 4271 et
494 4206 631 4290 quodam
654 4205 752 4290 impio
775 4204 929 4268 velamine
959 4202 1089 4289 pietatis
1119 4203 1251 4287 impune

294 4309 453 4392 justitiam
478 4308 662 4371 subvertere
686 4305 872 4369 moliuntur.
919 4307 992 4368 Hoc
1018 4308 1067 4368 tui
1089 4326 1156 4366 esse
1178 4323 1251 4386 pro-

298 4411 392 4495 positi
411 4431 496 4493 saepe
513 4406 706 4483 audivimus,
728 4421 760 4469 et
776 4407 802 4469 si
820 4427 892 4468 vera
907 4417 982 4467 sunt
997 4426 1071 4488 quae
1086 4402 1250 4480 dicuntur,
