3034 5500
419 737 477 798 188
677 747 813 792 scissis
830 745 1110 789 saussuumausrs
1278 726 1322 805 [s.
1338 745 1364 788 n.

414 996 652 1060 EPISTOLA
675 995 902 1058 XCIII.—.in
915 1013 1104 1058 arrscoruu
1116 1012 1363 1057 souwrcssssu.

694 1149 858 1228 Episcopo
874 1149 1087 1209 Il'orrcr'ceuai.

457 1299 603 1360 Dtnscrr
618 1294 674 1358 filii
698 1294 797 1358 nostri
814 1295 1007 1375 R[icardus]
1026 1293 1065 1357 de
1083 1297 1263 1371 Dractoua,
1277 1311 1307 1360 et
1327 1300 1362 1359 Α.

411 1398 509 1462 frater
532 1397 612 1482 ejus,
630 1419 685 1460 sua
707 1395 798 1460 nobis
820 1395 1048 1481 conquestione
1068 1394 1223 1460 flebiliter
1245 1420 1363 1482 sugges

413 1511 534 1577 serunt,
563 1497 650 1583 qnod
680 1498 712 1559 in
747 1497 897 1582 injuriam
938 1519 1101 1560 sacrorum
1134 1499 1303 1563 Canonum
1337 1514 1363 1561 et

413 1615 552 1666 nostram
583 1625 602 1664 a
631 1599 696 1662 tilio
724 1615 830 1664 nostro
856 1601 896 1663 R.
922 1598 1145 1662 archidiacono
1177 1600 1363 1665 Noruicensi

413 1703 531 1788 injuste
552 1701 678 1767 tractati
699 1714 783 1776 sunt,
807 1723 863 1764 nec
886 1700 931 1762 eis
955 1700 1095 1785 potnerit
1120 1700 1211 1785 apud
1237 1700 1362 1764 eundem

413 1804 670 1868 archidiaconum
687 1802 875 1888 interposita
889 1801 1061 1886 appellatio
1077 1803 1261 1886 suffragari.
1306 1802 1366 1866 Ad·

409 1906 528 1991 jiciunt
538 1905 923 1990 etiam,quod,postquam
935 1903 1040 1966 suerat
1047 1903 1086 1967 ad
1095 1926 1154 1966 nos
1163 1903 1364 1990 appellatum,

412 2006 595 2070 fraternitas
607 2019 711 2069 vestra
726 2006 787 2068 sub
803 2008 900 2091 regiae
910 2005 1063 2090 jussionis
1075 2005 1213 2069 obtentu
1230 2005 1361 2091 quadam

411 2108 549 2193 imagine
570 2108 683 2194 judieii
706 2107 900 2193 jamdictum
927 2111 969 2171 A.
994 2106 1206 2171 advocatione
1230 2108 1361 2174 ecclesia

413 2210 447 2273 S.
458 2209 596 2273 Andreae
614 2209 654 2272 de
669 2209 788 2292 Ringet
805 2222 918 2273 conata
934 2208 974 2273 sit
986 2207 1132 2293 spoliare,
1146 2223 1183 2274 ut
1198 2210 1233 2273 in
1250 2210 1360 2292 R[ad.]

410 2326 596 2374 extraneum
620 2310 858 2386 transferretur,
875 2310 960 2374 unde
983 2323 1015 2374 et
1036 2310 1120 2374 idem
1139 2311 1263 2394 R[ad.]
1287 2335 1361 2376 ausu

411 2411 574 2496 sacrilego,
603 2411 792 2475 assentiente
822 2411 894 2491 sibi,
922 2412 977 2476 sed
1006 2425 1037 2476 et
1076 2417 1298 2498 patrocinante
1326 2419 1361 2479 lb

411 2514 644 2590 archidiacono,
656 2514 843 2599 praedictam
860 2514 1021 2577 ecelesiam
1037 2529 1216 2579 memorato
1231 2516 1363 2581 llicardo

413 2619 470 2703 qui
484 2638 552 2680 earn
572 2614 696 2701 judicio
712 2628 831 2692 nostro,
846 2628 877 2679 et
893 2615 1029 2678 fratrum
1052 2617 1108 2700 qui
1131 2616 1278 2693 aderant,
1293 2617 1364 2701 legi-

413 2717 489 2784 time
519 2716 713 2805 possidebat,
744 2720 948 2803 praesumpsit
985 2721 1120 2784 auferre.
1184 2720 1288 2805 Super
1316 2719 1362 2784 his

412 2834 518 2885 autem
534 2820 611 2907 quia
623 2820 757 2884 testibus
772 2833 803 2884 et
820 2819 1037 2883 instrumentis
1049 2820 1142 2884 nobis
1153 2820 1250 2884 fidem
1267 2819 1362 2884 lacere

414 2925 514 3007 parati
531 2939 620 2987 erant
633 2945 694 2985 nou
713 2924 876 3008 potuimus
891 2943 952 2984 uon
969 2922 1099 2984 moveri.
1141 2924 1361 2998 Veruntamen,

413 3039 449 3089 ut
476 3030 588 3089 merita
618 3026 717 3088 totius
746 3047 850 3088 causa
876 3023 1015 3107 partium
1041 3025 1216 3088 assertione
1244 3023 1362 3110 plenius

411 3147 628 3207 agnoscamus,
654 3125 823 3188 terminum
849 3146 944 3209 quem
972 3138 1077 3188 vestra
1101 3124 1233 3189 dilectio
1258 3139 1362 3209 postu·

411 3224 500 3301 lavit,
512 3226 657 3311 partibus
672 3225 825 3290 duximus
840 3224 1084 3308 indulgendum,
1095 3229 1247 3293 omnibus
1261 3242 1360 3292 tamen

409 3326 442 3389 in
470 3326 591 3390 irritum
617 3325 790 3402 devocatis,
816 3351 887 3412 ane
911 3342 982 3413 post
1010 3329 1259 3416 appellationem
1285 3353 1360 3416 prte-

409 3437 536 3511 sumpta
551 3440 635 3489 sunt.
683 3426 774 3491 Licet
790 3429 873 3493 enim
890 3427 1049 3492 interdum
1067 3431 1208 3515 propriae
1223 3453 1361 3516 persona

408 3526 628 3607 aequanimiter
655 3528 785 3614 injurias
815 3542 1053 3615 supportemus,
1080 3530 1232 3615 injuriam
1260 3544 1360 3594 tamen

408 3642 524 3692 sanctae
540 3631 695 3695 Cantuar.
715 3630 866 3706 ecclesiae,
882 3644 914 3694 et
930 3645 1151 3717 contemptum
1174 3632 1260 3696 sedis
1276 3636 1362 3715 Apo·

409 3730 538 3811 stolicae,
563 3732 657 3816 cnjus
683 3732 750 3795 vice
775 3730 952 3815 fungimur,
977 3731 1178 3796 dissimulare
1203 3755 1266 3797 nou
1293 3755 1362 3817 pos·

408 3854 529 3907 sumus,
554 3856 610 3896 nec
636 3833 798 3896 debemus.
846 3834 1042 3918 Hujusmodi
1067 3857 1146 3918 ergo
1173 3832 1360 3898 anctoritate

407 3956 490 4018 saepe
505 3935 608 3999 iatum
621 3936 878 3999 archidiaconum
897 3935 1075 4010 Dominica,
1087 3958 1155 4020 qua
1169 3934 1361 4010 cantabitur,

409 4037 551 4101 Caritate
565 4042 713 4113 Domino,
725 4050 833 4100 nostro
848 4037 1031 4121 conspectui
1045 4058 1200 4121 apparere
1212 4036 1360 4123 jubeatis,

406 4139 642 4219 praenominatis
657 4138 811 4202 fratribus
828 4136 999 4218 R[icar‹lo]
1018 4154 1050 4199 et
1067 4139 1110 4198 Α.
1124 4159 1224 4222 super
1239 4136 1359 4202 damnis

360 4277 363 4282 ,
405 4251 435 4299 et
449 4238 572 4321 injuriis
585 4262 820 4322 responsurum,
836 4254 866 4301 et
884 4238 1108 4314 inobedientia,
1124 4251 1157 4301 et
1175 4250 1357 4322 mntemptu

403 4336 521 4400 domini
546 4361 636 4423 papiu
657 4354 686 4401 et
714 4354 831 4414 nostro,
857 4354 887 4402 et
916 4339 1159 4423 participatione
1187 4337 1354 4422 sacrilegii,
