3034 5500
275 774 384 855 litu]
665 791 843 836 narsaeus.
1171 777 1235 837 255

300 1068 527 1133 EPlSTOLA
552 1067 778 1132 ccxli—rr>
795 1086 976 1132 narniensi
993 1086 1205 1131 aarocsusarr

550 1187 719 1232 anacrun.
746 1171 790 1250 [s.
805 1188 835 1232 n.
857 1169 963 1250 ileu]

442 1333 584 1394 Domino
601 1331 746 1394 Hearico
760 1333 859 1394 electo
876 1333 1059 1395 Baiocassi.

319 1468 495 1531 Garama
521 1465 622 1545 magis
648 1485 689 1527 an
713 1463 841 1527 doleam
865 1463 905 1526 de
932 1467 1029 1528 verbo
1054 1467 1116 1530 isto
1144 1468 1232 1551 quod

276 1571 398 1633 sactum
421 1579 471 1631 est
494 1567 652 1630 danobis
678 1587 697 1630 a
723 1565 876 1644 Domino,
899 1566 964 1632 fere
990 1568 1146 1631 incertum
1173 1583 1231 1644 est,

276 1673 376 1736 etiam
398 1670 476 1733 mibi
501 1669 620 1732 diutius
650 1667 853 1734 deliberanti.
908 1670 1016 1742 Quum
1046 1671 1131 1733 enim
1158 1673 1232 1734 sub·

276 1773 458 1837 vectionem
473 1782 609 1834 vestram
631 1772 805 1856 praesertim
822 1771 862 1834 de
878 1772 971 1835 bonis
986 1772 1106 1835 meritis
1121 1794 1232 1857 proce·

275 1873 408 1938 dentem
423 1873 559 1945 intucor,
576 1872 694 1935 divinae
717 1872 949 1953 dispensationi
971 1875 1184 1955 congratulor,
1199 1885 1233 1938 et

276 1975 447 2038 virtutibus
462 1995 542 2058 quas
556 1995 577 2036 a
590 1975 741 2058 primaera
762 1987 853 2038 aetate
870 1986 970 2039 restra
984 1977 1070 2039 velut
1084 1977 1117 2039 in
1133 1977 1232 2040 altero

275 2077 458 2160 patriarcha
479 2077 584 2141 Jacob
611 2086 854 2140 succrescentes
880 2091 912 2140 et
935 2079 1140 2162 proficientes
1164 2100 1231 2141 am·

276 2180 490 2262 plectebatur,
515 2191 546 2241 et
575 2193 610 2241 ut
633 2177 765 2242 omnino
795 2181 955 2243 nescirent
980 2180 1152 2260 desectum,
1175 2202 1231 2247 eas

276 2281 441 2344 continuae
451 2280 604 2343 orationis
613 2290 646 2344 et
657 2280 853 2365 quotidianae
864 2282 1100 2346 benedictionis
1109 2283 1232 2347 auxilio

275 2383 460 2446 roborabat.
504 2380 568 2445 Sed
584 2404 683 2466 quum
700 2403 743 2445 ex
760 2384 824 2445 alio
845 2383 944 2446 latere
958 2383 1025 2462 illa,
1041 2405 1113 2468 quae
1128 2406 1231 2469 quon·

279 2481 354 2547 dam
371 2483 429 2547 suit
451 2483 572 2566 inclyta
592 2484 843 2547 saresberiensis
866 2486 1002 2548 ecclesia
1016 2486 1102 2548 velut
1120 2487 1232 2549 orbata

277 2607 339 2649 suo
355 2587 422 2649 sole
438 2586 585 2648 sementi
601 2585 727 2667 ingerit,
742 2597 774 2648 et
789 2586 893 2648 clerus
914 2605 1084 2650 occurrens
1098 2597 1232 2650 moestus

276 2687 467 2752 lacrimabili
497 2708 576 2751 voce
611 2687 802 2768 ingeminat,
830 2689 934 2751 Pater
961 2690 1019 2765 mi,
1048 2698 1148 2768 pater
1176 2691 1234 2767 mi,

277 2811 396 2854 cumis
412 2790 520 2854 Israel
539 2800 570 2854 et
589 2793 710 2872 euripo
728 2790 879 2872 ejusaem
894 2811 952 2852 nos
967 2788 1097 2865 deseris,
1112 2804 1167 2853 aut
1180 2789 1233 2854 cui

277 2912 338 2955 nos
365 2891 526 2956 desolatos
547 2889 725 2976 relinquis?
756 2901 789 2954 et
812 2894 846 2953 in
872 2891 959 2955 hunc
983 2889 1114 2954 modum
1140 2893 1234 2974 plura

278 2995 510 3076 multiplicans,
521 3015 593 3077 quae
609 2994 735 3057 facilius
747 3004 796 3056 est
807 2994 958 3075 cogitare,
972 3013 1067 3076 quam
1080 2993 1233 3070 scribere,

277 3096 450 3161 lachrimas
472 3098 635 3160 continere
657 3117 724 3159 non
747 3117 879 3180 possum
903 3095 982 3178 quin
1006 3095 1134 3176 lugeam
1160 3116 1234 3159 cum

278 3197 476 3278 lugentibus,
505 3208 537 3259 et
574 3192 820 3280 participatione
857 3194 976 3259 doloris
1014 3194 1123 3259 matris
1153 3217 1234 3260 meae

280 3298 533 3362 Saresberiensis
554 3297 711 3375 ecclesia,
726 3318 847 3360 moram
863 3319 990 3378 geram3
1012 3319 1112 3381 quum
1126 3297 1235 3379 cogito

280 3399 321 3463 de
336 3420 534 3474 successore,
553 3401 799 3482 competitorum
822 3401 915 3463 turba
937 3400 1108 3478 concurrit,
1129 3398 1188 3463 sed
1208 3400 1236 3463 si

283 3498 356 3582 quis
367 3496 409 3560 sit
419 3518 513 3581 quem
525 3497 650 3560 animus
659 3517 750 3560 meus
762 3496 894 3581 conjicit
903 3497 982 3559 alios
993 3517 1237 3581 praecessurum,

281 3597 460 3662 decessoris
482 3599 591 3662 habita
613 3597 796 3675 collatione,
819 3596 952 3682 perinde
976 3597 1121 3676 habetur,
1143 3619 1182 3662 ac
1208 3599 1235 3662 si

281 3701 428 3766 Phaeton
450 3722 560 3765 currus
583 3713 734 3786 paternos
758 3714 900 3786 usurpet.
945 3700 1049 3784 Cujus
1072 3722 1147 3782 ergo
1171 3713 1236 3765 tam

282 3802 415 3868 terreum
430 3814 544 3887 pectus
559 3814 619 3881 est,
633 3813 669 3865 ut
689 3804 855 3867 continere
870 3803 1017 3867 lacrimas
1031 3801 1153 3887 possit?
1191 3805 1237 3869 Et

282 3904 426 3987 profecto
448 3917 643 3989 conceptum
667 3904 706 3967 de
730 3905 930 3988 promotione
955 3916 1058 3969 vestra
1083 3905 1236 3986 gaudium
1307 3932 1312 3939 ·

283 4026 449 4087 emergens
463 4007 504 4069 ab
519 4006 665 4070 ecclesiae
687 4005 887 4069 desolatione
903 4004 1028 4068 tristitia
1043 4007 1239 4087 absorberet,

280 4108 343 4171 nisi
377 4109 514 4173 Etbicus
543 4110 651 4173 animo
678 4109 852 4185 intimaret,
882 4108 960 4190 qnia
983 4107 1004 4139 “
1020 4108 1087 4171 suis
1114 4109 1237 4174 incom-

282 4211 387 4274 modis
407 4211 492 4292 angi,
507 4232 573 4274 non
588 4211 693 4288 amici,
707 4209 766 4273 sed
788 4231 823 4272 se
846 4209 984 4273 amantis
999 4210 1076 4272 est.”
1122 4209 1238 4295 Itaque

281 4314 389 4377 animo
403 4315 589 4377 consolatus
612 4311 799 4394 adquiesco,
815 4324 847 4374 et
870 4311 988 4392 gratias
1002 4332 1064 4390 ago
1084 4311 1167 4387 Deo,
1182 4313 1238 4393 qui

281 4416 369 4478 solus
384 4427 500 4498 potens
516 4423 577 4489 est,
589 4424 621 4477 et
631 4410 804 4496 splendore
820 4420 924 4475 vestro
937 4409 976 4474 ad
989 4410 1121 4491 gloriam
1137 4430 1240 4490 suam,
