3034 5500
409 754 453 814 32
673 763 808 808 sonnnrs
824 760 1107 806 sunssnsmausn
1273 747 1317 827 [a.
1333 766 1365 812 n.

409 917 502 982 vobis
516 938 557 980 ex
568 913 741 979 multorum
753 912 888 998 negotiis
900 935 1011 999 rapere
1023 911 1233 999 praecepistis.
1270 917 1364 982 Nunc

412 1033 517 1084 sutem
540 1021 617 1106 quia
638 1016 747 1082 latoris
773 1014 981 1101 praesentium
1004 1014 1160 1080 Willelmi
1185 1019 1364 1084 necessitati

408 1121 518 1186 deesse
547 1143 610 1185 nou
639 1117 742 1206 potui,
766 1118 924 1203 majestati
947 1126 1062 1181 vestroe
1090 1131 1216 1205 quanta
1237 1142 1362 1205 possum

410 1221 588 1297 devotione,
620 1232 710 1286 tenta
738 1231 844 1283 mente
872 1218 1010 1305 pedibus
1040 1220 1155 1284 restris
1184 1234 1363 1306 prostratus

409 1324 567 1411 supplico,
598 1335 645 1404 ut,
660 1321 822 1385 laboribus
851 1321 922 1405 ejus
950 1343 1036 1384 nunc
1059 1321 1188 1386 taudem
1219 1322 1361 1389 debitum

411 1425 504 1488 tinem
521 1423 707 1511 imponatis;
727 1423 796 1508 jam
819 1421 901 1485 enim
922 1422 1062 1486 secundo
1083 1422 1125 1486 ad
1146 1422 1255 1486 sedem
1280 1425 1364 1511 Apo-

410 1526 553 1591 stolicam
568 1523 740 1590 adversarii
755 1523 805 1588 sui
824 1522 945 1588 malitia
960 1523 1111 1600 trahitur,
1127 1527 1185 1610 qui
1203 1525 1243 1589 ad
1260 1526 1364 1613 appel-

410 1627 542 1692 landum
566 1627 670 1702 velox,
693 1626 734 1691 ad
757 1625 1014 1713 prosequendum
1046 1625 1171 1703 tardus,
1204 1649 1362 1694 sacrorum

410 1753 568 1796 canonum
578 1754 640 1795 non
653 1732 753 1816 magis
763 1731 902 1815 ignarus,
914 1751 1010 1814 quern
1027 1741 1242 1816 contemptor,
1259 1731 1361 1797 fautor

408 1833 520 1909 ouriae,
542 1847 726 1918 persecutor
746 1829 899 1907 ecclesiae,
922 1829 1075 1915 suffragio
1097 1830 1290 1896 secularium
1311 1855 1362 1919 po

411 1945 575 2009 testatum,
600 1931 776 1996 Catholicae
799 1932 930 1996 unitatis
951 1932 1051 1997 robur
1066 1931 1182 1997 nititur
1204 1956 1359 1999 enervare.

412 2037 486 2099 Hoc
514 2055 597 2095 novo
619 2030 886 2118 tergiversationis
917 2055 1031 2115 genere
1052 2045 1212 2099 nostrates
1235 2035 1361 2100 instruit

410 2134 451 2198 sd
468 2138 646 2200 Romanum
663 2133 855 2220 pontificem,
870 2148 902 2198 et
918 2156 1024 2218 regem
1040 2147 1072 2199 et
1087 2138 1231 2221 reginam
1247 2138 1362 2223 pariter

410 2235 581 2322 appellare,
592 2248 627 2300 ut
640 2258 699 2321 pro
706 2235 883 2300 reverentia
893 2248 1007 2315 vestra,
1017 2235 1238 2323 episcoporum
1252 2260 1362 2304 manus

406 2337 552 2423 effugiat,
574 2338 714 2429 etregis
729 2337 777 2401 vel
802 2337 920 2422 reginae
937 2337 1187 2423 indignationem
1214 2355 1360 2426 provocet

407 2438 450 2503 ad
471 2439 682 2506 innocentiam
702 2441 937 2505 conterendam.

579 2614 799 2678 EPISTOLA
823 2615 1018 2678 XXX-nn
1034 2633 1190 2679 nonnnu.

748 2731 896 2797 Adriano
911 2731 1026 2815 Popae.

451 2856 655 2929 Sruuurtuu,
670 2850 757 2937 quod
775 2850 852 2914 milri
869 2849 1056 2930 indixeram,
1072 2850 1261 2916 venerabilis
1276 2866 1361 2940 pater

409 2955 548 3023 Eliensis
562 2954 729 3042 episcopus
744 2952 926 3039 interrupit,
941 2953 999 3038 qui
1010 2975 1060 3016 me
1075 2953 1234 3040 majestati
1250 2967 1361 3020 vestre

408 3057 586 3124 devotionis
598 3080 665 3122 suoe
680 3053 797 3118 indicia
806 3054 960 3140 compulit
972 3054 1128 3121 nuntiare.
1153 3056 1269 3121 Credit
1280 3057 1362 3121 enim

406 3181 442 3221 se
456 3180 550 3244 posse
558 3153 645 3242 apud
657 3154 859 3219 eminentiam
875 3168 1011 3218 vestram
1024 3155 1167 3220 fidelium
1183 3169 1363 3223 vestrorum

408 3255 589 3322 testimonio
610 3268 641 3319 et
662 3254 884 3319 intercessione
901 3256 1023 3341 juvari,
1038 3270 1070 3323 et
1092 3257 1169 3344 quia
1185 3257 1363 3323 devotionis

409 3383 475 3425 suae
505 3357 600 3422 fidem
631 3357 708 3421 mihi
739 3373 844 3422 vestra
872 3358 996 3445 gerenti
1026 3363 1165 3446 negotia,
1195 3361 1364 3427 manifesta

407 3462 513 3551 operis
526 3460 721 3528 exhibitione
733 3462 939 3527 monstravit:
964 3463 1125 3528 serenitati
1135 3476 1250 3528 vestroe
1261 3477 1363 3529 atten-

408 3580 461 3633 tus
476 3564 632 3653 supplioo‚
649 3578 686 3630 ut
701 3563 729 3628 ei
744 3564 881 3651 gratiam
897 3563 982 3628 illam
993 3564 1145 3651 integram
1162 3564 1363 3642 conserveris,

407 3692 506 3755 quam
521 3691 540 3732 a
555 3666 750 3752 benignitate
760 3680 866 3732 vestro
881 3668 1069 3752 promeruit,
1080 3679 1253 3754 antequem
1270 3689 1364 3754 supet·

405 3772 513 3859 capita
527 3770 667 3835 filiorum
690 3769 855 3834 hominum
872 3770 1020 3834 thronum
1041 3783 1183 3835 vestrum
1205 3768 1364 3834 Dominus

407 3873 573 3939 exaltaret.
618 3870 705 3936 Petit
728 3873 788 3936 hoc
811 3873 915 3959 ipsum
938 3871 1085 3937 dominus
1112 3871 1364 3948 Cantuarieusis,

406 3973 495 4059 apud
512 3995 605 4058 quem
617 3986 746 4037 centum
759 3995 879 4038 marcas
889 3972 1113 4058 sterlingorum
1127 3972 1273 4064 deposui,
1284 3994 1364 4061 quas

406 4074 447 4138 ad
464 4073 650 4138 mandatum
660 4088 800 4138 restrum
817 4074 1017 4160 implendum
1029 4099 1047 4139 a
1059 4075 1198 4162 praet'ato
1213 4079 1362 4164 episeopo

406 4193 599 4257 aeceperam.
625 4173 751 4236 Pronus
762 4170 893 4259 quidem
907 4187 954 4237 est
969 4174 1001 4238 in
1017 4174 1207 4260 obsequium
1220 4189 1362 4241 vestrum

403 4284 601 4339 memoratus
622 4274 802 4360 episcopus,
828 4274 881 4338 sed
904 4275 998 4361 longe
1021 4274 1150 4363 pronior
1172 4276 1245 4353 erit,
1277 4279 1304 4341 si
1332 4275 1359 4339 ei

405 4377 583 4442 clementie
619 4387 731 4439 vestre
763 4376 963 4442 dulcedinem
993 4377 1210 4463 porrexeritis,
1243 4399 1362 4442 memor
