3034 5500
306 786 368 844 210
563 797 697 842 sossius
712 794 998 840 snassnartrsrssrs
1176 781 1258 860 [so.

306 971 420 1028 rarum,
431 971 504 1034 quae
516 953 556 1015 ab
573 951 644 1033 ipso
661 950 702 1012 de
718 949 806 1012 sonte
824 951 1042 1013 Hebraeorum
1060 965 1258 1015 manaverunt

305 1052 347 1114 ad
360 1052 600 1136 intelligentiam
624 1052 819 1114 Latinorum.
857 1053 956 1114 Liber
978 1073 1055 1115 vero
1078 1053 1255 1136 Sapientia,

276 1231 280 1237 η
304 1166 336 1216 et
355 1155 615 1231 Ecclesiasticus,
636 1153 762 1230 Judith,
776 1154 898 1217 Tobias
920 1164 953 1216 et
977 1154 1105 1232 Pastor,
1121 1167 1157 1218 ut
1177 1155 1254 1218 idem

303 1267 393 1338 pater
414 1258 536 1326 asserit,
556 1277 622 1318 non
644 1266 829 1338 reputantur
851 1257 884 1318 in
908 1256 1059 1329 Canone,
1079 1256 1139 1320 sed
1160 1278 1253 1341 neque

303 1357 565 1420 Machaboeorum
586 1358 676 1431 liber,
691 1356 748 1438 qui
771 1357 806 1418 in
825 1356 890 1419 duo
907 1358 1076 1420 solumina
1098 1356 1253 1431 scinditur,

303 1479 438 1542 quorum
454 1460 587 1541 primurn
605 1460 778 1520 Hebraeam
794 1458 916 1521 redolet
937 1460 1170 1540 eloquentiam,
1184 1460 1253 1522 slte-

301 1561 548 1649 rumGraecam,
561 1560 650 1644 quod
672 1560 774 1642 stylus
789 1560 859 1641 ipse
880 1560 1061 1636 convincit,
1077 1561 1133 1624 ille
1154 1574 1252 1623 autem

302 1660 358 1742 qui
370 1661 483 1723 Pastor
494 1661 687 1737 inscribitur,
697 1681 737 1722 an
750 1659 869 1722 alicubi
882 1660 924 1722 sit
934 1660 1126 1737 nescio,sed
1139 1676 1251 1725 certum

302 1762 460 1844 estquod
489 1763 709 1846 Hieronymus
734 1772 767 1823 et
793 1759 884 1823 Beda
904 1761 997 1823 illum
1024 1783 1062 1825 se
1085 1763 1202 1826 vidisse
1224 1775 1252 1827 et

300 1866 415 1946 legisse
433 1876 595 1929 testantur.
623 1865 685 1928 His
700 1864 861 1927 adduntur
876 1866 951 1928 novi
963 1865 1169 1930 Testamenti
1183 1878 1250 1931 octo

299 1967 471 2040 volumina,
481 1968 615 2044 scilicet,
625 1966 835 2047 Evangelium
847 1967 1008 2044 Matthaei,
1018 1969 1139 2045 Marci,
1149 1970 1251 2044 Ince,

296 2067 441 2142 Joannis,
463 2068 621 2149 Epistolae
649 2065 741 2128 Pauli
765 2086 807 2127 xv
832 2086 896 2128 uno
921 2068 1087 2132 volumine
1110 2090 1246 2153 compro·

298 2166 416 2243 hensae,
439 2169 514 2231 licet
538 2168 580 2229 sit
602 2167 741 2247 vulgata,
763 2181 796 2230 et
817 2168 881 2230 sere
903 2169 1051 2232 omnium
1075 2172 1247 2234 communit

296 2268 406 2349 opinio
421 2289 485 2330 non
500 2289 571 2330 esse
586 2270 649 2331 nisi
665 2269 728 2345 xiv,
745 2269 857 2332 decem
876 2269 917 2331 ad
932 2273 1103 2350 ecclesias,
1119 2286 1248 2356 quatuor

294 2368 335 2432 acl
351 2389 523 2452 personas:
546 2369 573 2430 si
586 2381 691 2432 tameo
707 2371 764 2434 illa
778 2392 850 2453 quoe
866 2371 907 2434 ad
923 2371 1086 2437 chmos
1102 2388 1162 2450 est,
1176 2395 1245 2438 con·

294 2470 494 2533 numeranda
518 2481 568 2532 est
593 2471 738 2553 epistolis
762 2472 865 2549 Pauli,
888 2472 978 2554 quod
1002 2473 1038 2536 in
1063 2475 1244 2557 praefatione

293 2569 363 2652 ejus
382 2582 521 2635 astruere
545 2570 669 2634 videtur
690 2571 858 2636 doctomm
879 2572 995 2636 doctor
1019 2575 1244 2660 Hieronymus,

294 2671 419 2734 illorum
443 2671 621 2735 dissolvens
642 2673 793 2754 argutias,
809 2673 864 2757 qui
886 2695 955 2736 eam
975 2676 1071 2739 Pauli
1093 2698 1158 2741 non
1180 2698 1244 2741 esse

294 2774 543 2837 contendebant.
580 2774 752 2847 Ceterum,
774 2776 1012 2858 quintadecima
1033 2787 1083 2841 est
1103 2781 1160 2844 illu
1178 2802 1243 2864 quo

293 2877 453 2940 Ecclesiae
465 2876 712 2939 Laodicensium
725 2877 884 2956 scribitur,
893 2891 927 2941 ct
940 2879 1029 2958 licat,
1042 2893 1080 2944 ut
1093 2882 1140 2945 ait
1156 2884 1241 2945 Hier.

292 2981 333 3041 ab
359 2980 508 3042 omnibus
533 2978 734 3060 explodatur,
756 2996 863 3042 tammr
888 2982 930 3044 ab
955 2984 1105 3065 apostolo
1129 2985 1242 3067 scripta

292 3094 355 3144 est:
393 3102 498 3163 neque
528 3080 686 3143 sententia
714 3080 786 3143 haec
812 3081 854 3145 de
880 3083 1018 3147 aliorum
1047 3088 1243 3169 pmsumitur

289 3181 451 3263 opinione,
476 3181 532 3242 sed
559 3182 660 3264 ipsius
688 3183 826 3263 apostoli
856 3184 1042 3249 testimonio
1071 3188 1240 3252 roboratur.

289 3281 439 3343 Meminit
461 3282 545 3344 enim
568 3282 668 3365 ipsius
688 3282 720 3344 iu
743 3284 879 3365 epistola
900 3285 942 3347 ad
959 3286 1174 3351 colossenses
1194 3289 1240 3353 liis

287 3382 404 3457 verbis,
416 3383 523 3455 Quum
539 3385 737 3464 lectosuerit
746 3385 837 3465 opud
845 3387 1240 3474 oosboecepietolo‚sacitc

288 3482 368 3543 utin
376 3481 619 3546 Laodicensium
628 3485 1239 3568 ecclesiulepotur,eteuquoelaoodioen·

286 3587 370 3648 dom
381 3591 429 3648 est
439 3586 568 3665 leputur
578 3587 673 3648 uobis.
698 3585 881 3671 Sequuntur
893 3588 1053 3670 Epistola>
1065 3592 1236 3656 canonica

286 3689 330 3752 sii
356 3689 388 3752 in
414 3710 478 3752 uno
501 3690 672 3767 volumine,
696 3689 814 3752 deindo
836 3692 937 3754 Actus
956 3693 1184 3775 Apostolorum
1204 3695 1233 3756 in

284 3793 359 3867 alio,
375 3807 407 3856 et
422 3792 549 3856 tandem
564 3790 789 3875 Apocalypsis.
818 3793 865 3855 Et
879 3793 966 3857 hunc
982 3794 1114 3878 quidem
1130 3817 1234 3859 nume·

284 3916 352 3956 rum
382 3915 453 3957 esse
480 3895 644 3970 librorum,
670 3893 724 3977 qui
751 3894 786 3955 iu
812 3915 972 3958 sacrarum
1003 3896 1233 3980 Scripturarom

283 4017 438 4059 canonem
454 3996 674 4071 admittuntur,
689 3996 826 4060 celebris
840 3998 926 4081 apud
943 3998 1128 4071 ecclesiam,
1142 4012 1175 4063 ot
1187 4000 1231 4061 in·

282 4098 429 4160 dubitata
450 4097 577 4160 traditio
598 4106 659 4174 est,
679 4117 751 4180 quae
775 4108 863 4161 tanta
884 4095 970 4180 apud
993 4118 1107 4163 omnes
1130 4100 1230 4181 rigent

280 4201 466 4263 auctoritate
493 4213 529 4264 ut
554 4198 816 4263 contradictionis
842 4209 897 4264 aut
925 4199 1101 4265 dubietatis
1129 4204 1229 4265 locum

279 4302 366 4365 sanis
379 4303 539 4366 mentibus
554 4320 620 4364 nou
639 4301 831 4383 relinquant,
846 4300 922 4383 quia
943 4302 1141 4384 conscripto
1163 4311 1231 4363 sunt

278 4403 378 4485 digito
401 4402 474 4465 Dei.
510 4404 587 4468 Jure
603 4422 679 4483 ergo
695 4416 727 4463 et
749 4402 862 4464 merito
877 4410 1018 4474 caretur,
1034 4411 1068 4464 et
1084 4400 1228 4466 condem·
