3034 5500
322 838 325 843 Ι
407 766 448 826 86
666 778 803 824 scansis
819 778 1099 824 ssessussrsnsrs
1274 764 1320 844 [s.
1337 783 1366 829 n.

411 931 452 995 ad
483 931 737 1017 presbyteratum
767 930 909 1002 accessit,
938 943 1046 994 votum
1073 931 1281 998 continentia
1307 934 1368 998 dis·

413 1030 561 1096 simulare
581 1053 643 1094 non
664 1044 782 1116 potest,
797 1051 897 1117 quum
916 1030 998 1094 illud
1021 1047 1079 1097 aut
1098 1055 1300 1118 expressum,
1314 1051 1368 1101 aut

414 1133 561 1208 tacitum,
588 1131 684 1196 etism
715 1131 921 1197 diaconorum
951 1133 1142 1198 ordinationi
1173 1156 1216 1200 ex
1245 1136 1369 1201 decntu

416 1234 551 1302 Martini
566 1257 658 1321 papae
669 1234 823 1300 doceatur
835 1237 1001 1299 insertum.
1033 1235 1087 1327 Ait
1101 1235 1201 1313 enim,
1213 1237 1372 1304 Diaconos

417 1338 472 1426 qui
506 1338 648 1422 eligitur,
677 1338 704 1401 si
735 1350 934 1402 contestatus
967 1337 1064 1401 fuerit
1097 1359 1159 1424 pro
1191 1339 1373 1425 corripiendo

418 1441 632 1516 matrimonio,
656 1453 690 1504 et
718 1463 752 1503 se
781 1437 899 1504 dixerit
926 1440 958 1503 in
981 1440 1130 1506 castitate
1156 1463 1289 1506 manere
1313 1465 1372 1508 non

418 1564 522 1628 posse,
548 1541 600 1605 hic
624 1562 687 1604 non
712 1539 889 1604 ordinetur.
943 1541 1037 1618 Quod
1065 1543 1091 1606 si
1117 1543 1150 1606 in
1176 1543 1373 1609 ordinatione

418 1644 565 1723 tacuerit,
583 1657 616 1708 et
635 1642 802 1706 ordinatus
821 1642 931 1719 suerit,
951 1656 985 1707 et
1007 1659 1119 1728 postea
1138 1646 1373 1712 matrimonium

420 1744 659 1822 desideraverit,
687 1743 727 1808 sit
757 1743 880 1807 alienus
909 1767 928 1807 a
957 1746 1145 1824 ministerio,
1175 1763 1209 1814 ct
1240 1766 1330 1815 vacet
1355 1773 1376 1814 a

420 1846 514 1912 clero.
559 1847 720 1910 Consonat
739 1844 814 1908 huic
829 1859 862 1910 et
878 1849 956 1922 Leo,
972 1846 1052 1910 tuba
1064 1848 1215 1922 coelestis,
1231 1850 1291 1935 qui
1306 1851 1376 1915 urb-

419 1947 606 2011 diaconibus
624 1949 750 2011 carnale
772 1946 933 2011 interdicit
950 1947 1159 2024 connubium,
1175 1963 1210 2014 et
1230 1951 1376 2016 omnibus

419 2049 516 2113 saeris
550 2048 717 2113 ordinibus
754 2047 994 2112 sincerissimam
1031 2049 1230 2115 castimoniae
1268 2052 1375 2118 indicit

420 2151 604 2237 puritatem.
666 2130 773 2213 Edunt
810 2150 911 2233 igitur
948 2150 982 2213 hi
1019 2166 1178 2238 perpetuo
1214 2155 1376 2240 conjuges,

420 2252 515 2316 etiam
537 2250 689 2335 separati,
711 2262 742 2314 et
767 2253 799 2314 in
822 2250 973 2336 conjugio
995 2252 1103 2338 positi,
1126 2268 1285 2341 tanquam
1308 2278 1378 2321 ccu-

416 2354 546 2441 jugium
569 2375 631 2416 non
656 2352 820 2427 habentes,
836 2354 1086 2440 manebuntque,
1101 2372 1232 2421 arcente
1252 2381 1286 2422 se
1308 2371 1379 2423 voto

421 2452 636 2532 continentiae,
660 2457 715 2519 cui
739 2454 874 2536 obligati
899 2469 986 2531 sunt,
1008 2470 1167 2542 perpetuo
1193 2458 1378 2545 singulnrea

422 2557 516 2635 Quod
532 2558 559 2621 si
573 2557 614 2621 ad
629 2580 711 2643 opus
724 2557 859 2620 carnalis
873 2559 1052 2622 commercii
1070 2559 1155 2624 forte
1176 2559 1341 2641 redierint,
1355 2561 1380 2625 si

422 2658 555 2746 quidem
584 2681 704 2735 secum,
731 2659 797 2722 v'oti
827 2658 938 2732 fracti3
970 2659 1096 2723 sicum
1121 2660 1207 2737 aliis,
1233 2661 1380 2727 adulterii

423 2777 547 2828 reatum
575 2762 748 2826 incurrent.
795 2762 864 2825 Nec
890 2763 922 2825 in
947 2786 987 2825 eo
1007 2763 1146 2849 juvatur
1174 2766 1381 2852 presumptio

424 2866 605 2947 sacerdotis,
620 2865 707 2953 quod
722 2866 766 2929 ab
784 2866 854 2950 ipso
870 2863 1112 2950 jusjurandum,
1128 2879 1167 2930 ut
1187 2888 1222 2930 ae
1241 2881 1381 2955 ternpore

424 2969 579 3034 contracti
599 2967 791 3031 matrimonii
813 2966 1044 3031 subdiaconum
1063 2966 1164 3032 fuisse
1184 2968 1328 3048 doceret,
1344 2991 1381 3034 ex

424 3072 600 3136 abundanti
626 3068 804 3154 accepistis,
828 3092 930 3154 quum
956 3069 1016 3132 hoc
1038 3068 1126 3134 solus
1146 3077 1332 3150 emeruerit,
1351 3086 1381 3137 et

425 3170 629 3257 postmodum
645 3171 677 3233 iu
695 3171 865 3255 pinsentis
877 3169 1000 3235 domini
1017 3171 1238 3250 Cicestoenais,
1255 3189 1293 3240 nt
1307 3175 1381 3240 acri·

424 3272 511 3346 bitis,
530 3293 568 3335 se
586 3270 743 3356 dejerasse
762 3269 923 3335 consessus
943 3272 1001 3344 sit;
1031 3289 1068 3336 ut
1087 3290 1146 3337 nec
1165 3273 1289 3341 dicenti
1309 3275 1383 3340 fides

425 3372 573 3438 habenda
600 3372 653 3449 sit,
678 3395 738 3437 nec
767 3373 909 3458 neganti,
939 3374 1001 3437 nisi
1031 3391 1069 3439 ut
1096 3375 1260 3442 confessio
1288 3378 1384 3465 ipsius

426 3488 537 3540 contra
552 3495 585 3539 se
597 3474 737 3539 eundem
752 3474 889 3539 sufficiat
903 3474 1125 3541 condemnare.
1164 3479 1198 3543 Si
1212 3479 1300 3544 enim
1314 3480 1385 3545 sub·

426 3577 580 3643 diaconus
600 3589 680 3652 erat,
701 3576 887 3663 puniendus
907 3591 958 3642 est
979 3592 1181 3663 contemptor
1204 3581 1340 3660 ordinis,
1361 3580 1384 3645 ai

427 3704 490 3746 non
515 3694 597 3756 erat,
619 3699 711 3766 seque
737 3658 926 3764 plectendus
949 3693 1000 3744 est
1021 3680 1201 3766 conjugalis
1223 3682 1300 3747 fidei
1322 3683 1386 3749 aio·

427 3785 571 3862 latomo
586 3781 716 3868 quidem
732 3782 834 3867 magis
847 3805 914 3867 quo
929 3781 1077 3847 secundis
1091 3782 1268 3868 nuptiiasi
1283 3807 1385 3852 umen

428 3885 551 3970 nuptiae
573 3896 648 3947 sunt
666 3882 826 3964 dicendae,
847 3906 975 3946 caumm
1002 3884 1090 3947 visus
1115 3897 1164 3948 est
1192 3889 1386 3970 pratitisae.

429 3984 477 4047 Ut
498 3984 581 4046 enim
605 3983 650 4046 ait
677 3988 712 4047 B.
738 3986 944 4068 Augustinus
964 3984 995 4046 in
1019 3983 1103 4048 libro
1123 3984 1166 4047 de
1189 3986 1387 4053 Adultericia

430 4084 610 4170 conjugiis,
628 4085 661 4147 Si
676 4098 713 4148 ta
725 4084 868 4148 abstines
883 4083 949 4149 sine
965 4088 1074 4151 uxoris
1086 4086 1266 4171 voluntate,
1275 4091 1387 4155 tribuis

428 4184 459 4251 ei
478 4184 655 4249 fornicandi
676 4183 848 4261 licentiam,
863 4202 896 4250 et
917 4204 1086 4272 moestum
1104 4188 1192 4254 illius
1207 4203 1274 4256 tuse
1288 4192 1387 4278 impu·

431 4290 552 4354 tabitur
569 4283 779 4349 abstinentius.
825 4279 911 4363 Quid
935 4311 1023 4374 ergo,
1047 4291 1072 4354 si
1095 4290 1237 4357 deseris?
1263 4291 1386 4376 quidsi

431 4390 581 4456 decennio
596 4398 651 4452 uut
666 4386 804 4470 amplius
819 4392 1050 4475 peregrinaris?
1075 4393 1154 4478 quid
1173 4395 1199 4458 si
1216 4412 1386 4470 reverteas,
