3034 5500
144 773 255 854 11611]
532 788 710 837 arrsronar.
1034 777 1096 841 191

138 945 273 1022 ratione,
288 955 325 1007 ut
339 964 399 1007 uec
415 944 602 1008 temeritatis
615 965 688 1007 reus
699 943 801 1007 videri
815 943 931 1009 debeat
945 946 1097 1012 adversus

138 1055 331 1127 potestatem
347 1067 444 1130 quam
458 1047 548 1109 Deus
562 1045 733 1123 ordinarit,
745 1067 807 1109 nec
819 1058 907 1110 metu
919 1049 1098 1133 potestatis,

136 1164 195 1210 aut
209 1169 320 1210 amore
336 1168 439 1210 rerum
455 1147 716 1211 evanescentium
738 1148 899 1234 iniquitati
918 1150 1099 1214 consentiat

138 1250 172 1311 in
189 1248 433 1332 depressionem
456 1249 614 1324 ecclesis,
629 1260 661 1314 et
681 1250 716 1312 in
738 1251 915 1334 perniciem
937 1262 1002 1315 tam
1016 1273 1098 1336 prrs-

138 1351 278 1413 sentium
300 1372 395 1433 quam
411 1349 599 1427 futurorum,
613 1371 678 1413 non
703 1349 800 1414 modo
814 1351 965 1438 ‚desertor
984 1354 1096 1429 officii,

137 1463 173 1514 at
180 1452 391 1534 professionis
401 1452 634 1534 praevancator,
643 1453 700 1515 sed
712 1453 810 1515 etiam
817 1453 1022 1536 impugnator
1027 1454 1041 1538 j

138 1555 228 1618 titiae·
236 1554 400 1617 habeatur.
446 1554 510 1617 Sed
534 1554 624 1618 dices
641 1555 785 1633 sortasse,
800 1554 888 1639 quod
908 1556 999 1633 mihi,
1012 1559 1099 1620 sicut

141 1656 260 1740 cuique
278 1656 403 1719 facilius
424 1665 473 1719 est
494 1654 592 1729 dictu,
609 1654 755 1720 facienda
769 1658 987 1740 praescribere,
1003 1678 1098 1741 quam

142 1758 231 1821 iactu
246 1778 319 1842 quaa
331 1759 517 1840 praescripra
531 1758 645 1821 fuerint
655 1758 842 1840 adimplere.
873 1759 959 1822 Nam
973 1771 1005 1822 ct
1019 1759 1100 1823 liber

139 1859 305 1924 vorandus
319 1860 479 1923 dulcescit
493 1860 526 1921 in
550 1874 604 1922 ore
625 1861 805 1943 prophetae,
821 1859 878 1925 sed
893 1861 935 1926 ad
950 1862 1100 1926 interiora

141 1962 347 2025 transmissus
358 1961 538 2025 amarescit.
569 1962 684 2024 Orator
695 1983 823 2047 quoque
838 1963 871 2025 in
887 1973 953 2026 arte
969 1962 1100 2026 dicendi
1121 2032 1124 2038 ,

141 2063 251 2141 docet,
275 2064 351 2148 quia
375 2063 410 2125 in
436 2075 535 2126 artem
561 2076 723 2145 praecepta
747 2064 884 2143 tradere,
907 2077 939 2129 et
965 2065 1005 2130 de
1032 2079 1100 2129 arte

144 2165 254 2230 dicere
269 2164 453 2227 facillimum
470 2176 528 2241 est,
543 2165 600 2227 sed
616 2186 659 2228 ex
679 2177 746 2228 arte
767 2165 990 2230 difficillimum
1005 2167 1038 2230 id
1054 2180 1102 2230 est
1136 2164 1140 2170 ’

145 2290 218 2352 quae
234 2262 427 2352 praeceperis
446 2268 614 2332 observare
634 2268 795 2334 mandata
841 2272 1012 2355 Nusquam
1028 2291 1101 2334 vero

143 2370 320 2446 difficilius,
334 2390 431 2452 quam
454 2369 487 2430 in
510 2381 576 2432 arte
599 2371 738 2434 vivendi.
787 2373 847 2435 llla
869 2373 1027 2456 siquidem
1049 2394 1101 2436 ars

142 2473 262 2536 artium
277 2483 338 2543 est,
354 2485 386 2534 et
399 2471 484 2534 sicut
502 2470 652 2548 utilitate,
668 2472 713 2534 sic
729 2483 762 2534 et
776 2472 965 2536 difficultate
979 2475 1101 2537 incom-

142 2574 332 2660 parabiliter
346 2573 425 2635 alias
439 2571 637 2636 transcendit
655 2573 825 2635 universas.
872 2572 958 2636 illud
973 2596 1101 2659 quoquc

144 2675 262 2743 comici
271 2674 372 2737 nostri
380 2673 605 2759 adjicies,quia
614 2673 748 2735 “omnes
757 2675 1005 2758 quumvalcmus
1015 2686 1102 2739 recta

142 2779 283 2844 consilia
306 2779 434 2859 aegrotis
456 2776 586 2840 damus:
618 2788 653 2839 tu
675 2789 783 2852 autem
806 2774 833 2838 si
855 2776 909 2838 hic
932 2777 988 2853 sis,
1010 2777 1102 2839 aliter

142 2881 295 2945 sentias.”
335 2881 384 2943 Ad
397 2878 485 2964 quod
500 2900 560 2960 ego
574 2879 749 2962 replicabo,
763 2878 915 2962 quoniam
926 2878 1004 2941 licet
1015 2878 1099 2941 hanc

143 3007 273 3051 auream
295 2984 560 3061 mediocritatem,
575 3003 672 3068 quam
694 2983 880 3067 praescribo,
895 3001 1018 3045 serrare
1032 2999 1100 3044 non

143 3088 300 3164 noverim,
323 3098 467 3149 autnon
494 3106 644 3170 quaeram,
672 3083 808 3169 lyricum
834 3096 941 3147 tamen
967 3083 1102 3147 licenter

145 3189 313 3266 imitabor,

291 3328 396 3341 —
408 3298 521 3367 fungens
532 3300 589 3351 vice
599 3298 672 3362 cotia,
685 3302 790 3350 acutum

290 3385 414 3439 Reddere
426 3404 484 3455 qum
495 3385 591 3439 serrum
602 3384 681 3447 valet,
693 3400 769 3437 exors
781 3384 838 3456 ipsa
849 3382 962 3436 scendi.

149 3493 228 3556 Non
257 3489 407 3575 equidem
437 3492 520 3554 hanc
551 3489 801 3553 sollicitudinem
831 3507 917 3569 gero,
947 3488 1035 3572 qnod
1063 3487 1106 3554 de

147 3605 254 3670 tanto,-
261 3604 295 3654 et
309 3592 350 3655 de
362 3606 425 3656 tam
439 3594 562 3657 sincero
575 3602 664 3675 patre
677 3591 852 3669 (Dominus
862 3591 937 3670 scit)
947 3592 1106 3655 sinistram

148 3691 291 3774 aliquam
303 3690 520 3773 suspicionem
530 3689 742 3771 conceperim,
754 3688 811 3751 sed
821 3689 940 3772 quiain
953 3689 1106 3772 periculis

150 3790 248 3855 amici
264 3791 381 3854 caritas
401 3811 467 3854 non
490 3791 652 3854 sollicitari
667 3812 734 3852 non
748 3802 864 3872 potest.
910 3788 995 3852 Nori
1018 3791 1105 3854 anim

149 3890 1106 3977 praepotentiumpersequutonrminstantiam,etdebilitatem

148 3994 310 4071 ecelesiis,
330 3995 408 4057 licet
430 3994 580 4057 dominus
602 4014 685 4076 papa
702 3991 771 4074 jam
794 3993 968 4074 plurimum
990 4016 1107 4058 conra-

151 4098 263 4169 leseat,
284 4107 317 4158 et
339 4096 534 4159 confortetur
548 4095 583 4157 in
605 4093 767 4157 Domino:
791 4094 866 4156 novi
888 4107 921 4157 et
942 4096 1107 4179 pusillani-

152 4198 297 4261 mitatem
312 4197 387 4261 hinc
404 4195 613 4281 quorumdam
628 4196 864 4279 episcoporum,
879 4194 956 4259 inde
971 4198 1105 4261 aliorum

152 4298 317 4372 invidiam,
332 4309 369 4360 ut
390 4297 473 4359 nihil
496 4294 537 4358 sit
551 4297 638 4379 quod
662 4297 762 4378 magis
778 4316 884 4357 verear
903 4315 1000 4378 quam
1015 4309 1057 4358 ue
1071 4297 1105 4358 in

152 4399 242 4464 falsis
257 4398 419 4476 iratribus,
434 4411 467 4462 et
487 4399 521 4461 in
540 4398 592 4460 his
611 4399 668 4481 qui
683 4398 872 4460 ridebantur
887 4396 1010 4477 aliquid
1025 4416 1106 4475 esse,

582 4515 604 4557 n
616 4498 639 4556 2
