<?xml version="1.0" encoding="UTF-8"?>
<!DOCTYPE html PUBLIC "-//W3C//DTD XHTML 1.0 Transitional//EN"
    "http://www.w3.org/TR/xhtml1/DTD/xhtml1-transitional.dtd">
<html xmlns="http://www.w3.org/1999/xhtml" xml:lang="en" lang="en">
 <head>
  <title>
</title>
<meta http-equiv="Content-Type" content="text/html;charset=utf-8" />
  <meta name='ocr-system' content='tesseract 3.04.00' />
  <meta name='ocr-capabilities' content='ocr_page ocr_carea ocr_par ocr_line ocrx_word'/>
</head>
<body>
  <div class='ocr_page' id='page_1' title='image "./joannissaresber16johngoog_0225.png"; bbox 0 0 3034 5500; ppageno 0'>
   <div class='ocr_carea' id='block_1_1' title="bbox 281 767 1236 846">
    <p class='ocr_par' dir='ltr' id='par_1_1' title="bbox 281 767 1236 846">
     <span class='ocr_line' id='line_1_1' title="bbox 281 767 1236 846; baseline 0.007 -20"><span class='ocrx_word' id='word_1_1' title='bbox 281 767 392 846; x_wconf 59' lang='lat' dir='ltr'><strong>ilde]</strong></span> <span class='ocrx_word' id='word_1_2' title='bbox 671 782 853 829; x_wconf 75' lang='lat' dir='ltr'><strong>srrsronn.</strong></span> <span class='ocrx_word' id='word_1_3' title='bbox 1173 773 1236 833; x_wconf 71' lang='lat'><strong>208</strong></span> 
     </span>
    </p>
   </div>
   <div class='ocr_carea' id='block_1_2' title="bbox 276 934 1242 4354">
    <p class='ocr_par' dir='ltr' id='par_1_2' title="bbox 276 934 1242 4354">
     <span class='ocr_line' id='line_1_2' title="bbox 277 934 1236 1023; baseline 0.005 -25"><span class='ocrx_word' id='word_1_4' title='bbox 277 934 542 998; x_wconf 81' lang='lat' dir='ltr'><strong>reconciliationi</strong></span> <span class='ocrx_word' id='word_1_5' title='bbox 556 956 635 998; x_wconf 85' lang='lat' dir='ltr'><strong>meoe</strong></span> <span class='ocrx_word' id='word_1_6' title='bbox 651 957 780 1020; x_wconf 84' lang='lat' dir='ltr'>operam</span> <span class='ocrx_word' id='word_1_7' title='bbox 798 936 898 1011; x_wconf 88' lang='lat' dir='ltr'><strong>daret,</strong></span> <span class='ocrx_word' id='word_1_8' title='bbox 907 936 975 1014; x_wconf 90' lang='lat' dir='ltr'><strong>sed,</strong></span> <span class='ocrx_word' id='word_1_9' title='bbox 989 947 1148 1022; x_wconf 90' lang='lat' dir='ltr'><strong>quatenus</strong></span> <span class='ocrx_word' id='word_1_10' title='bbox 1163 961 1236 1023; x_wconf 90' lang='lat' dir='ltr'><strong>pro·</strong></span> 
     </span>
     <span class='ocr_line' id='line_1_3' title="bbox 276 1029 1233 1122; baseline 0.007 -27"><span class='ocrx_word' id='word_1_11' title='bbox 276 1029 399 1113; x_wconf 82' lang='lat' dir='ltr'><strong>fecerit,</strong></span> <span class='ocrx_word' id='word_1_12' title='bbox 415 1056 483 1098; x_wconf 93' lang='lat' dir='ltr'><strong>non</strong></span> <span class='ocrx_word' id='word_1_13' title='bbox 499 1034 672 1118; x_wconf 79' lang='lat' dir='ltr'><strong>respondit.</strong></span> <span class='ocrx_word' id='word_1_14' title='bbox 712 1037 808 1099; x_wconf 91' lang='lat' dir='ltr'><strong>Nunc</strong></span> <span class='ocrx_word' id='word_1_15' title='bbox 832 1048 940 1100; x_wconf 90' lang='lat' dir='ltr'><strong>autem</strong></span> <span class='ocrx_word' id='word_1_16' title='bbox 963 1059 1036 1100; x_wconf 91' lang='lat' dir='ltr'><strong>eum</strong></span> <span class='ocrx_word' id='word_1_17' title='bbox 1058 1047 1090 1100; x_wconf 88' lang='lat' dir='ltr'><strong>et</strong></span> <span class='ocrx_word' id='word_1_18' title='bbox 1109 1039 1233 1122; x_wconf 90' lang='lat' dir='ltr'><strong>episeo-</strong></span> 
     </span>
     <span class='ocr_line' id='line_1_4' title="bbox 277 1135 1236 1222; baseline 0.005 -24"><span class='ocrx_word' id='word_1_19' title='bbox 277 1157 358 1219; x_wconf 91' lang='lat' dir='ltr'><strong>pum</strong></span> <span class='ocrx_word' id='word_1_20' title='bbox 374 1135 639 1200; x_wconf 79' lang='lat' dir='ltr'><strong>londoniensem</strong></span> <span class='ocrx_word' id='word_1_21' title='bbox 655 1138 711 1222; x_wconf 89' lang='lat' dir='ltr'><strong>qui</strong></span> <span class='ocrx_word' id='word_1_22' title='bbox 727 1139 809 1219; x_wconf 88' lang='lat' dir='ltr'><strong>regis</strong></span> <span class='ocrx_word' id='word_1_23' title='bbox 822 1139 957 1218; x_wconf 81' lang='lat' dir='ltr'><strong>gratiam</strong></span> <span class='ocrx_word' id='word_1_24' title='bbox 980 1139 1097 1203; x_wconf 90' lang='lat' dir='ltr'><strong>dicitur</strong></span> <span class='ocrx_word' id='word_1_25' title='bbox 1118 1141 1236 1204; x_wconf 88' lang='lat' dir='ltr'><strong>lrabere</strong></span> 
     </span>
     <span class='ocr_line' id='line_1_5' title="bbox 279 1228 1237 1320; baseline 0.005 -23"><span class='ocrx_word' id='word_1_26' title='bbox 279 1256 349 1318; x_wconf 85' lang='lat' dir='ltr'><strong>prae</strong></span> <span class='ocrx_word' id='word_1_27' title='bbox 365 1237 502 1311; x_wconf 65' lang='lat' dir='ltr'><strong>caeteris</strong></span> <span class='ocrx_word' id='word_1_28' title='bbox 512 1236 626 1300; x_wconf 88' lang='lat' dir='ltr'><strong>iterato</strong></span> <span class='ocrx_word' id='word_1_29' title='bbox 638 1228 805 1301; x_wconf 83' lang='lat' dir='ltr'><strong>sollicitavi</strong></span> <span class='ocrx_word' id='word_1_30' title='bbox 819 1238 947 1320; x_wconf 89' lang='lat' dir='ltr'><strong>scripto,</strong></span> <span class='ocrx_word' id='word_1_31' title='bbox 957 1238 1041 1302; x_wconf 88' lang='lat' dir='ltr'><strong>sicut</strong></span> <span class='ocrx_word' id='word_1_32' title='bbox 1052 1240 1140 1302; x_wconf 80' lang='lat' dir='ltr'><strong>robis</strong></span> <span class='ocrx_word' id='word_1_33' title='bbox 1155 1241 1237 1303; x_wconf 92' lang='lat' dir='ltr'><strong>lator</strong></span> 
     </span>
     <span class='ocr_line' id='line_1_6' title="bbox 277 1338 1235 1424; baseline 0.004 -23"><span class='ocrx_word' id='word_1_34' title='bbox 277 1340 486 1422; x_wconf 82' lang='lat' dir='ltr'><strong>praesentium</strong></span> <span class='ocrx_word' id='word_1_35' title='bbox 502 1340 619 1422; x_wconf 89' lang='lat' dir='ltr'><strong>poterit</strong></span> <span class='ocrx_word' id='word_1_36' title='bbox 633 1338 786 1404; x_wconf 91' lang='lat' dir='ltr'><strong>indicare.</strong></span> <span class='ocrx_word' id='word_1_37' title='bbox 831 1340 866 1403; x_wconf 89' lang='lat' dir='ltr'><strong>Si</strong></span> <span class='ocrx_word' id='word_1_38' title='bbox 882 1360 956 1402; x_wconf 85' lang='lat' dir='ltr'><strong>vero</strong></span> <span class='ocrx_word' id='word_1_39' title='bbox 973 1341 1091 1403; x_wconf 87' lang='lat' dir='ltr'><strong>alicubi</strong></span> <span class='ocrx_word' id='word_1_40' title='bbox 1105 1342 1139 1404; x_wconf 92' lang='lat' dir='ltr'><strong>in</strong></span> <span class='ocrx_word' id='word_1_41' title='bbox 1155 1360 1235 1424; x_wconf 82' lang='lat' dir='ltr'><strong>prae·</strong></span> 
     </span>
     <span class='ocr_line' id='line_1_7' title="bbox 279 1440 1236 1525; baseline 0.003 -23"><span class='ocrx_word' id='word_1_42' title='bbox 279 1440 386 1502; x_wconf 91' lang='lat' dir='ltr'><strong>sentia</strong></span> <span class='ocrx_word' id='word_1_43' title='bbox 395 1453 499 1503; x_wconf 87' lang='lat' dir='ltr'><strong>vestra</strong></span> <span class='ocrx_word' id='word_1_44' title='bbox 514 1440 555 1503; x_wconf 91' lang='lat' dir='ltr'><strong>de</strong></span> <span class='ocrx_word' id='word_1_45' title='bbox 566 1461 648 1524; x_wconf 90' lang='lat' dir='ltr'><strong>pace</strong></span> <span class='ocrx_word' id='word_1_46' title='bbox 663 1461 733 1503; x_wconf 88' lang='lat' dir='ltr'><strong>mea</strong></span> <span class='ocrx_word' id='word_1_47' title='bbox 749 1452 857 1504; x_wconf 88' lang='lat' dir='ltr'><strong>aetum</strong></span> <span class='ocrx_word' id='word_1_48' title='bbox 869 1441 973 1516; x_wconf 84' lang='lat' dir='ltr'><strong>luerit,</strong></span> <span class='ocrx_word' id='word_1_49' title='bbox 988 1440 1111 1504; x_wconf 87' lang='lat' dir='ltr'><strong>adeam</strong></span> <span class='ocrx_word' id='word_1_50' title='bbox 1126 1464 1236 1525; x_wconf 83' lang='lat' dir='ltr'><strong>quaeso</strong></span> 
     </span>
     <span class='ocr_line' id='line_1_8' title="bbox 279 1539 1234 1626; baseline 0.006 -25"><span class='ocrx_word' id='word_1_51' title='bbox 279 1539 416 1605; x_wconf 79' lang='lat' dir='ltr'><strong>formam</strong></span> <span class='ocrx_word' id='word_1_52' title='bbox 430 1562 488 1624; x_wconf 91' lang='lat' dir='ltr'><strong>per</strong></span> <span class='ocrx_word' id='word_1_53' title='bbox 503 1563 570 1620; x_wconf 84' lang='lat' dir='ltr'><strong>ros,</strong></span> <span class='ocrx_word' id='word_1_54' title='bbox 593 1550 627 1605; x_wconf 89' lang='lat' dir='ltr'><strong>et</strong></span> <span class='ocrx_word' id='word_1_55' title='bbox 640 1543 720 1604; x_wconf 87' lang='lat' dir='ltr'><strong>alios</strong></span> <span class='ocrx_word' id='word_1_56' title='bbox 742 1541 908 1619; x_wconf 87' lang='lat' dir='ltr'><strong>laboretis,</strong></span> <span class='ocrx_word' id='word_1_57' title='bbox 923 1562 996 1624; x_wconf 81' lang='lat' dir='ltr'><strong>quae</strong></span> <span class='ocrx_word' id='word_1_58' title='bbox 1014 1563 1076 1606; x_wconf 90' lang='lat' dir='ltr'><strong>nec</strong></span> <span class='ocrx_word' id='word_1_59' title='bbox 1091 1542 1234 1626; x_wconf 73' lang='lat' dir='ltr'><strong>perfidiae</strong></span> 
     </span>
     <span class='ocr_line' id='line_1_9' title="bbox 279 1642 1236 1726; baseline 0 -20"><span class='ocrx_word' id='word_1_60' title='bbox 279 1644 450 1716; x_wconf 87' lang='lat' dir='ltr'><strong>maculam,</strong></span> <span class='ocrx_word' id='word_1_61' title='bbox 472 1665 533 1706; x_wconf 90' lang='lat' dir='ltr'><strong>nec</strong></span> <span class='ocrx_word' id='word_1_62' title='bbox 564 1642 771 1726; x_wconf 88' lang='lat' dir='ltr'><strong>turpitudinis</strong></span> <span class='ocrx_word' id='word_1_63' title='bbox 796 1643 915 1722; x_wconf 85' lang='lat' dir='ltr'><strong>irroget</strong></span> <span class='ocrx_word' id='word_1_64' title='bbox 944 1653 1064 1720; x_wconf 89' lang='lat' dir='ltr'><strong>notam,</strong></span> <span class='ocrx_word' id='word_1_65' title='bbox 1092 1644 1236 1726; x_wconf 86' lang='lat' dir='ltr'><strong>alioquin</strong></span> 
     </span>
     <span class='ocr_line' id='line_1_10' title="bbox 278 1743 1236 1828; baseline 0.001 -22"><span class='ocrx_word' id='word_1_66' title='bbox 278 1745 365 1806; x_wconf 87' lang='lat' dir='ltr'><strong>malo</strong></span> <span class='ocrx_word' id='word_1_67' title='bbox 381 1756 535 1828; x_wconf 89' lang='lat' dir='ltr'><strong>perpetuo</strong></span> <span class='ocrx_word' id='word_1_68' title='bbox 551 1745 692 1807; x_wconf 83' lang='lat' dir='ltr'><strong>exulare.</strong></span> <span class='ocrx_word' id='word_1_69' title='bbox 739 1743 774 1808; x_wconf 91' lang='lat' dir='ltr'><strong>Si</strong></span> <span class='ocrx_word' id='word_1_70' title='bbox 790 1743 874 1805; x_wconf 86' lang='lat' dir='ltr'><strong>enim</strong></span> <span class='ocrx_word' id='word_1_71' title='bbox 893 1744 1075 1824; x_wconf 83' lang='lat' dir='ltr'><strong>exigeretur</strong></span> <span class='ocrx_word' id='word_1_72' title='bbox 1088 1765 1109 1806; x_wconf 92' lang='lat' dir='ltr'><strong>a</strong></span> <span class='ocrx_word' id='word_1_73' title='bbox 1124 1766 1184 1817; x_wconf 81' lang='lat' dir='ltr'><strong>me,</strong></span> <span class='ocrx_word' id='word_1_74' title='bbox 1200 1754 1236 1808; x_wconf 90' lang='lat' dir='ltr'><strong>ut</strong></span> 
     </span>
     <span class='ocr_line' id='line_1_11' title="bbox 279 1841 1236 1929; baseline 0.002 -24"><span class='ocrx_word' id='word_1_75' title='bbox 279 1844 470 1925; x_wconf 81' lang='lat' dir='ltr'><strong>abnegarem</strong></span> <span class='ocrx_word' id='word_1_76' title='bbox 478 1846 755 1929; x_wconf 90' lang='lat' dir='ltr'><strong>archiepiscopum</strong></span> <span class='ocrx_word' id='word_1_77' title='bbox 767 1865 882 1915; x_wconf 90' lang='lat' dir='ltr'><strong>meum,</strong></span> <span class='ocrx_word' id='word_1_78' title='bbox 893 1841 977 1926; x_wconf 92' lang='lat' dir='ltr'><strong>quod</strong></span> <span class='ocrx_word' id='word_1_79' title='bbox 988 1845 1095 1906; x_wconf 91' lang='lat' dir='ltr'><strong>nullus</strong></span> <span class='ocrx_word' id='word_1_80' title='bbox 1107 1865 1236 1907; x_wconf 89' lang='lat' dir='ltr'><strong>suorum</strong></span> 
     </span>
     <span class='ocr_line' id='line_1_12' title="bbox 280 1942 1236 2029; baseline 0 -23"><span class='ocrx_word' id='word_1_81' title='bbox 280 1943 357 2006; x_wconf 83' lang='lat' dir='ltr'><strong>fecit</strong></span> <span class='ocrx_word' id='word_1_82' title='bbox 378 1944 497 2020; x_wconf 86' lang='lat' dir='ltr'><strong>adhuc,</strong></span> <span class='ocrx_word' id='word_1_83' title='bbox 518 1966 578 2007; x_wconf 88' lang='lat' dir='ltr'><strong>nec</strong></span> <span class='ocrx_word' id='word_1_84' title='bbox 594 1945 710 2029; x_wconf 90' lang='lat' dir='ltr'><strong>aliquis</strong></span> <span class='ocrx_word' id='word_1_85' title='bbox 726 1944 766 2007; x_wconf 90' lang='lat' dir='ltr'><strong>de</strong></span> <span class='ocrx_word' id='word_1_86' title='bbox 782 1954 849 2006; x_wconf 87' lang='lat' dir='ltr'><strong>tota</strong></span> <span class='ocrx_word' id='word_1_87' title='bbox 864 1943 1000 2026; x_wconf 82' lang='lat' dir='ltr'><strong>Anglia:</strong></span> <span class='ocrx_word' id='word_1_88' title='bbox 1023 1943 1108 2006; x_wconf 87' lang='lat' dir='ltr'><strong>absit</strong></span> <span class='ocrx_word' id='word_1_89' title='bbox 1130 1954 1166 2006; x_wconf 90' lang='lat' dir='ltr'><strong>ut</strong></span> <span class='ocrx_word' id='word_1_90' title='bbox 1180 1942 1236 2006; x_wconf 89' lang='lat' dir='ltr'><strong>ad·</strong></span> 
     </span>
     <span class='ocr_line' id='line_1_13' title="bbox 283 2045 1235 2130; baseline 0 -22"><span class='ocrx_word' id='word_1_91' title='bbox 283 2047 446 2129; x_wconf 89' lang='lat' dir='ltr'><strong>quiescam</strong></span> <span class='ocrx_word' id='word_1_92' title='bbox 463 2056 558 2110; x_wconf 82' lang='lat' dir='ltr'><strong>tantae</strong></span> <span class='ocrx_word' id='word_1_93' title='bbox 576 2046 767 2130; x_wconf 89' lang='lat' dir='ltr'><strong>turpitudini</strong></span> <span class='ocrx_word' id='word_1_94' title='bbox 783 2045 916 2128; x_wconf 90' lang='lat' dir='ltr'><strong>primus,</strong></span> <span class='ocrx_word' id='word_1_95' title='bbox 931 2056 986 2108; x_wconf 90' lang='lat' dir='ltr'><strong>aut</strong></span> <span class='ocrx_word' id='word_1_96' title='bbox 1000 2045 1139 2108; x_wconf 89' lang='lat' dir='ltr'><strong>ultimus.</strong></span> <span class='ocrx_word' id='word_1_97' title='bbox 1164 2046 1235 2110; x_wconf 86' lang='lat' dir='ltr'><strong>Ser·</strong></span> 
     </span>
     <span class='ocr_line' id='line_1_14' title="bbox 283 2145 1237 2231; baseline 0 -22"><span class='ocrx_word' id='word_1_98' title='bbox 283 2148 353 2211; x_wconf 80' lang='lat' dir='ltr'><strong>ravi</strong></span> <span class='ocrx_word' id='word_1_99' title='bbox 377 2148 507 2231; x_wconf 93' lang='lat' dir='ltr'><strong>quidem</strong></span> <span class='ocrx_word' id='word_1_100' title='bbox 537 2147 678 2211; x_wconf 85' lang='lat' dir='ltr'><strong>debitam</strong></span> <span class='ocrx_word' id='word_1_101' title='bbox 701 2146 798 2208; x_wconf 87' lang='lat' dir='ltr'><strong>fidam</strong></span> <span class='ocrx_word' id='word_1_102' title='bbox 828 2145 1008 2209; x_wconf 84' lang='lat' dir='ltr'><strong>venerando</strong></span> <span class='ocrx_word' id='word_1_103' title='bbox 1034 2168 1105 2209; x_wconf 92' lang='lat' dir='ltr'><strong>meo</strong></span> <span class='ocrx_word' id='word_1_104' title='bbox 1133 2147 1237 2209; x_wconf 89' lang='lat' dir='ltr'><strong>archi·</strong></span> 
     </span>
     <span class='ocr_line' id='line_1_15' title="bbox 281 2248 1238 2334; baseline -0.001 -21"><span class='ocrx_word' id='word_1_105' title='bbox 281 2252 448 2334; x_wconf 87' lang='lat' dir='ltr'><strong>episcopa,</strong></span> <span class='ocrx_word' id='word_1_106' title='bbox 462 2249 521 2312; x_wconf 91' lang='lat' dir='ltr'><strong>sed</strong></span> <span class='ocrx_word' id='word_1_107' title='bbox 536 2271 578 2313; x_wconf 86' lang='lat' dir='ltr'><strong>ex</strong></span> <span class='ocrx_word' id='word_1_108' title='bbox 602 2248 801 2312; x_wconf 87' lang='lat' dir='ltr'><strong>conscientia</strong></span> <span class='ocrx_word' id='word_1_109' title='bbox 821 2269 892 2312; x_wconf 90' lang='lat' dir='ltr'><strong>mea</strong></span> <span class='ocrx_word' id='word_1_110' title='bbox 906 2250 994 2311; x_wconf 86' lang='lat' dir='ltr'><strong>salvo</strong></span> <span class='ocrx_word' id='word_1_111' title='bbox 1010 2249 1129 2312; x_wconf 88' lang='lat' dir='ltr'><strong>honore</strong></span> <span class='ocrx_word' id='word_1_112' title='bbox 1144 2250 1238 2331; x_wconf 87' lang='lat' dir='ltr'><strong>regis,</strong></span> 
     </span>
     <span class='ocr_line' id='line_1_16' title="bbox 282 2349 1235 2434; baseline -0.001 -20"><span class='ocrx_word' id='word_1_113' title='bbox 282 2362 510 2433; x_wconf 86' lang='lat' dir='ltr'><strong>contraquam</strong></span> <span class='ocrx_word' id='word_1_114' title='bbox 533 2352 561 2414; x_wconf 90' lang='lat' dir='ltr'><strong>si</strong></span> <span class='ocrx_word' id='word_1_115' title='bbox 584 2350 657 2434; x_wconf 91' lang='lat' dir='ltr'><strong>quis</strong></span> <span class='ocrx_word' id='word_1_116' title='bbox 679 2349 796 2412; x_wconf 86' lang='lat' dir='ltr'><strong>dixerit</strong></span> <span class='ocrx_word' id='word_1_117' title='bbox 821 2373 870 2413; x_wconf 90' lang='lat' dir='ltr'><strong>me</strong></span> <span class='ocrx_word' id='word_1_118' title='bbox 894 2371 965 2412; x_wconf 89' lang='lat' dir='ltr'><strong>esse</strong></span> <span class='ocrx_word' id='word_1_119' title='bbox 988 2360 1157 2426; x_wconf 89' lang='lat' dir='ltr'><strong>versatum,</strong></span> <span class='ocrx_word' id='word_1_120' title='bbox 1178 2351 1235 2414; x_wconf 93' lang='lat' dir='ltr'><strong>ubi</strong></span> 
     </span>
     <span class='ocr_line' id='line_1_17' title="bbox 282 2448 1236 2535; baseline 0.002 -22"><span class='ocrx_word' id='word_1_121' title='bbox 282 2452 343 2515; x_wconf 92' lang='lat' dir='ltr'><strong>hoc</strong></span> <span class='ocrx_word' id='word_1_122' title='bbox 360 2473 515 2515; x_wconf 85' lang='lat' dir='ltr'><strong>excusare</strong></span> <span class='ocrx_word' id='word_1_123' title='bbox 532 2452 718 2534; x_wconf 84' lang='lat' dir='ltr'><strong>nequivere,</strong></span> <span class='ocrx_word' id='word_1_124' title='bbox 733 2448 774 2512; x_wconf 88' lang='lat' dir='ltr'><strong>ad</strong></span> <span class='ocrx_word' id='word_1_125' title='bbox 790 2451 942 2513; x_wconf 85' lang='lat' dir='ltr'><strong>honorem</strong></span> <span class='ocrx_word' id='word_1_126' title='bbox 955 2463 987 2512; x_wconf 86' lang='lat' dir='ltr'><strong>et</strong></span> <span class='ocrx_word' id='word_1_127' title='bbox 998 2452 1236 2535; x_wconf 87' lang='lat' dir='ltr'><strong>beneplacitum</strong></span> 
     </span>
     <span class='ocr_line' id='line_1_18' title="bbox 283 2550 1238 2637; baseline 0 -22"><span class='ocrx_word' id='word_1_128' title='bbox 283 2553 363 2637; x_wconf 85' lang='lat' dir='ltr'><strong>ejus,</strong></span> <span class='ocrx_word' id='word_1_129' title='bbox 380 2551 521 2616; x_wconf 84' lang='lat' dir='ltr'><strong>dictante</strong></span> <span class='ocrx_word' id='word_1_130' title='bbox 531 2553 670 2637; x_wconf 87' lang='lat' dir='ltr'><strong>justitia,</strong></span> <span class='ocrx_word' id='word_1_131' title='bbox 686 2564 815 2635; x_wconf 87' lang='lat' dir='ltr'><strong>paratus</strong></span> <span class='ocrx_word' id='word_1_132' title='bbox 830 2573 900 2615; x_wconf 89' lang='lat' dir='ltr'><strong>sum</strong></span> <span class='ocrx_word' id='word_1_133' title='bbox 912 2550 1092 2614; x_wconf 88' lang='lat' dir='ltr'><strong>emendare.</strong></span> <span class='ocrx_word' id='word_1_134' title='bbox 1137 2553 1238 2615; x_wconf 85' lang='lat' dir='ltr'><strong>Novit</strong></span> 
     </span>
     <span class='ocr_line' id='line_1_19' title="bbox 283 2651 1239 2738; baseline 0 -22"><span class='ocrx_word' id='word_1_135' title='bbox 283 2655 370 2716; x_wconf 91' lang='lat' dir='ltr'><strong>enim</strong></span> <span class='ocrx_word' id='word_1_136' title='bbox 381 2654 525 2718; x_wconf 91' lang='lat' dir='ltr'><strong>cordium</strong></span> <span class='ocrx_word' id='word_1_137' title='bbox 535 2655 708 2738; x_wconf 91' lang='lat' dir='ltr'><strong>inspector,</strong></span> <span class='ocrx_word' id='word_1_138' title='bbox 720 2665 753 2716; x_wconf 93' lang='lat' dir='ltr'><strong>et</strong></span> <span class='ocrx_word' id='word_1_139' title='bbox 765 2651 1040 2735; x_wconf 86' lang='lat' dir='ltr'><strong>verborumjudex</strong></span> <span class='ocrx_word' id='word_1_140' title='bbox 1051 2663 1084 2715; x_wconf 93' lang='lat' dir='ltr'><strong>et</strong></span> <span class='ocrx_word' id='word_1_141' title='bbox 1095 2673 1239 2735; x_wconf 89' lang='lat' dir='ltr'><strong>operum,</strong></span> 
     </span>
     <span class='ocr_line' id='line_1_20' title="bbox 282 2755 1238 2843; baseline -0.004 -22"><span class='ocrx_word' id='word_1_142' title='bbox 282 2758 370 2843; x_wconf 92' lang='lat' dir='ltr'><strong>quod</strong></span> <span class='ocrx_word' id='word_1_143' title='bbox 394 2758 513 2841; x_wconf 87' lang='lat' dir='ltr'><strong>saepius</strong></span> <span class='ocrx_word' id='word_1_144' title='bbox 529 2768 563 2821; x_wconf 89' lang='lat' dir='ltr'><strong>at</strong></span> <span class='ocrx_word' id='word_1_145' title='bbox 578 2758 719 2840; x_wconf 90' lang='lat' dir='ltr'><strong>asperius</strong></span> <span class='ocrx_word' id='word_1_146' title='bbox 735 2777 830 2840; x_wconf 90' lang='lat' dir='ltr'><strong>quarn</strong></span> <span class='ocrx_word' id='word_1_147' title='bbox 846 2755 961 2838; x_wconf 90' lang='lat' dir='ltr'><strong>aliquis</strong></span> <span class='ocrx_word' id='word_1_148' title='bbox 978 2756 1154 2817; x_wconf 87' lang='lat' dir='ltr'><strong>mortalium</strong></span> <span class='ocrx_word' id='word_1_149' title='bbox 1169 2776 1238 2818; x_wconf 88' lang='lat' dir='ltr'><strong>eor-</strong></span> 
     </span>
     <span class='ocr_line' id='line_1_21' title="bbox 282 2852 1239 2943; baseline -0.002 -21"><span class='ocrx_word' id='word_1_150' title='bbox 282 2860 436 2943; x_wconf 88' lang='lat' dir='ltr'><strong>ripuerim</strong></span> <span class='ocrx_word' id='word_1_151' title='bbox 452 2859 619 2922; x_wconf 91' lang='lat' dir='ltr'><strong>dominum</strong></span> <span class='ocrx_word' id='word_1_152' title='bbox 642 2858 923 2940; x_wconf 90' lang='lat' dir='ltr'><strong>archiepiscopum</strong></span> <span class='ocrx_word' id='word_1_153' title='bbox 939 2854 980 2916; x_wconf 87' lang='lat' dir='ltr'><strong>dc</strong></span> <span class='ocrx_word' id='word_1_154' title='bbox 996 2855 1055 2927; x_wconf 89' lang='lat' dir='ltr'><strong>his,</strong></span> <span class='ocrx_word' id='word_1_155' title='bbox 1072 2855 1104 2914; x_wconf 90' lang='lat' dir='ltr'><strong>in</strong></span> <span class='ocrx_word' id='word_1_156' title='bbox 1121 2852 1239 2937; x_wconf 89' lang='lat' dir='ltr'><strong>quibus</strong></span> 
     </span>
     <span class='ocr_line' id='line_1_22' title="bbox 282 2954 1238 3039; baseline -0.005 -15"><span class='ocrx_word' id='word_1_157' title='bbox 282 2962 323 3024; x_wconf 90' lang='lat' dir='ltr'><strong>ab</strong></span> <span class='ocrx_word' id='word_1_158' title='bbox 347 2961 440 3024; x_wconf 93' lang='lat' dir='ltr'><strong>initio</strong></span> <span class='ocrx_word' id='word_1_159' title='bbox 464 2961 627 3023; x_wconf 90' lang='lat' dir='ltr'><strong>dominum</strong></span> <span class='ocrx_word' id='word_1_160' title='bbox 643 2980 751 3039; x_wconf 89' lang='lat' dir='ltr'><strong>regem</strong></span> <span class='ocrx_word' id='word_1_161' title='bbox 774 2970 807 3022; x_wconf 87' lang='lat' dir='ltr'><strong>et</strong></span> <span class='ocrx_word' id='word_1_162' title='bbox 829 2976 914 3033; x_wconf 89' lang='lat' dir='ltr'><strong>suos,</strong></span> <span class='ocrx_word' id='word_1_163' title='bbox 938 2956 1010 3018; x_wconf 85' lang='lat' dir='ltr'><strong>zelo</strong></span> <span class='ocrx_word' id='word_1_164' title='bbox 1033 2954 1174 3038; x_wconf 93' lang='lat' dir='ltr'><strong>quodam</strong></span> <span class='ocrx_word' id='word_1_165' title='bbox 1189 2956 1238 3019; x_wconf 93' lang='lat' dir='ltr'><strong>in·</strong></span> 
     </span>
     <span class='ocr_line' id='line_1_23' title="bbox 283 3060 1239 3141; baseline -0.007 -14"><span class='ocrx_word' id='word_1_166' title='bbox 283 3064 461 3127; x_wconf 91' lang='lat' dir='ltr'><strong>consultius</strong></span> <span class='ocrx_word' id='word_1_167' title='bbox 471 3063 556 3126; x_wconf 84' lang='lat' dir='ltr'><strong>visus</strong></span> <span class='ocrx_word' id='word_1_168' title='bbox 566 3073 615 3126; x_wconf 92' lang='lat' dir='ltr'><strong>est</strong></span> <span class='ocrx_word' id='word_1_169' title='bbox 624 3061 664 3124; x_wconf 89' lang='lat' dir='ltr'><strong>ad</strong></span> <span class='ocrx_word' id='word_1_170' title='bbox 674 3060 919 3125; x_wconf 88' lang='lat' dir='ltr'><strong>amaritudinem</strong></span> <span class='ocrx_word' id='word_1_171' title='bbox 929 3077 1129 3141; x_wconf 81' lang='lat' dir='ltr'><strong>provocasse,</strong></span> <span class='ocrx_word' id='word_1_172' title='bbox 1138 3077 1239 3139; x_wconf 91' lang='lat' dir='ltr'><strong>quum</strong></span> 
     </span>
     <span class='ocr_line' id='line_1_24' title="bbox 281 3156 1238 3251; baseline -0.004 -24"><span class='ocrx_word' id='word_1_173' title='bbox 281 3186 340 3251; x_wconf 91' lang='lat' dir='ltr'><strong>pro</strong></span> <span class='ocrx_word' id='word_1_174' title='bbox 362 3167 449 3239; x_wconf 86' lang='lat' dir='ltr'><strong>loeo,</strong></span> <span class='ocrx_word' id='word_1_175' title='bbox 470 3175 504 3228; x_wconf 89' lang='lat' dir='ltr'><strong>et</strong></span> <span class='ocrx_word' id='word_1_176' title='bbox 526 3175 679 3247; x_wconf 89' lang='lat' dir='ltr'><strong>tempore,</strong></span> <span class='ocrx_word' id='word_1_177' title='bbox 696 3175 728 3227; x_wconf 92' lang='lat' dir='ltr'><strong>et</strong></span> <span class='ocrx_word' id='word_1_178' title='bbox 743 3162 899 3247; x_wconf 89' lang='lat' dir='ltr'><strong>personis,</strong></span> <span class='ocrx_word' id='word_1_179' title='bbox 922 3163 1022 3225; x_wconf 90' lang='lat' dir='ltr'><strong>multa</strong></span> <span class='ocrx_word' id='word_1_180' title='bbox 1037 3156 1152 3223; x_wconf 87' lang='lat' dir='ltr'><strong>luerint</strong></span> <span class='ocrx_word' id='word_1_181' title='bbox 1173 3157 1238 3223; x_wconf 87' lang='lat' dir='ltr'><strong>dis·</strong></span> 
     </span>
     <span class='ocr_line' id='line_1_25' title="bbox 281 3261 1237 3353; baseline -0.006 -21"><span class='ocrx_word' id='word_1_182' title='bbox 281 3267 458 3353; x_wconf 89' lang='lat' dir='ltr'><strong>pensanda.</strong></span> <span class='ocrx_word' id='word_1_183' title='bbox 503 3265 609 3330; x_wconf 88' lang='lat' dir='ltr'><strong>Credo</strong></span> <span class='ocrx_word' id='word_1_184' title='bbox 632 3274 737 3328; x_wconf 89' lang='lat' dir='ltr'><strong>autem</strong></span> <span class='ocrx_word' id='word_1_185' title='bbox 767 3265 985 3327; x_wconf 87' lang='lat' dir='ltr'><strong>indubitanter</strong></span> <span class='ocrx_word' id='word_1_186' title='bbox 1007 3263 1082 3348; x_wconf 88' lang='lat' dir='ltr'><strong>quia</strong></span> <span class='ocrx_word' id='word_1_187' title='bbox 1103 3273 1135 3327; x_wconf 92' lang='lat' dir='ltr'><strong>et</strong></span> <span class='ocrx_word' id='word_1_188' title='bbox 1157 3261 1237 3326; x_wconf 91' lang='lat' dir='ltr'><strong>mihi</strong></span> 
     </span>
     <span class='ocr_line' id='line_1_26' title="bbox 284 3365 1237 3451; baseline -0.007 -17"><span class='ocrx_word' id='word_1_189' title='bbox 284 3372 396 3434; x_wconf 89' lang='lat' dir='ltr'><strong>saltem</strong></span> <span class='ocrx_word' id='word_1_190' title='bbox 420 3390 491 3433; x_wconf 90' lang='lat' dir='ltr'><strong>cras</strong></span> <span class='ocrx_word' id='word_1_191' title='bbox 513 3367 721 3451; x_wconf 88' lang='lat' dir='ltr'><strong>respondebit</strong></span> <span class='ocrx_word' id='word_1_192' title='bbox 742 3367 868 3450; x_wconf 88' lang='lat' dir='ltr'><strong>justitia</strong></span> <span class='ocrx_word' id='word_1_193' title='bbox 891 3386 960 3429; x_wconf 88' lang='lat' dir='ltr'><strong>mea</strong></span> <span class='ocrx_word' id='word_1_194' title='bbox 982 3386 1039 3449; x_wconf 85' lang='lat' dir='ltr'><strong>par</strong></span> <span class='ocrx_word' id='word_1_195' title='bbox 1062 3365 1237 3428; x_wconf 89' lang='lat' dir='ltr'><strong>misericor-</strong></span> 
     </span>
     <span class='ocr_line' id='line_1_27' title="bbox 285 3466 1241 3550; baseline -0.008 -15"><span class='ocrx_word' id='word_1_196' title='bbox 285 3472 370 3535; x_wconf 86' lang='lat' dir='ltr'><strong>diam</strong></span> <span class='ocrx_word' id='word_1_197' title='bbox 396 3470 539 3544; x_wconf 91' lang='lat' dir='ltr'><strong>Domini,</strong></span> <span class='ocrx_word' id='word_1_198' title='bbox 561 3480 593 3531; x_wconf 94' lang='lat' dir='ltr'><strong>et</strong></span> <span class='ocrx_word' id='word_1_199' title='bbox 614 3466 829 3550; x_wconf 91' lang='lat' dir='ltr'><strong>proculdubio</strong></span> <span class='ocrx_word' id='word_1_200' title='bbox 853 3467 982 3530; x_wconf 90' lang='lat' dir='ltr'><strong>domino</strong></span> <span class='ocrx_word' id='word_1_201' title='bbox 1008 3466 1241 3544; x_wconf 86' lang='lat' dir='ltr'><strong>Cantuariansi‚</strong></span> 
     </span>
     <span class='ocr_line' id='line_1_28' title="bbox 285 3568 1237 3657; baseline -0.007 -21"><span class='ocrx_word' id='word_1_202' title='bbox 285 3570 373 3657; x_wconf 86' lang='lat' dir='ltr'><strong>quod</strong></span> <span class='ocrx_word' id='word_1_203' title='bbox 389 3570 431 3634; x_wconf 93' lang='lat' dir='ltr'><strong>ad</strong></span> <span class='ocrx_word' id='word_1_204' title='bbox 453 3570 659 3633; x_wconf 88' lang='lat' dir='ltr'><strong>litteraturam</strong></span> <span class='ocrx_word' id='word_1_205' title='bbox 676 3580 709 3632; x_wconf 89' lang='lat' dir='ltr'><strong>et</strong></span> <span class='ocrx_word' id='word_1_206' title='bbox 726 3590 842 3646; x_wconf 89' lang='lat' dir='ltr'><strong>mores,</strong></span> <span class='ocrx_word' id='word_1_207' title='bbox 862 3569 1031 3651; x_wconf 92' lang='lat' dir='ltr'><strong>plurimum</strong></span> <span class='ocrx_word' id='word_1_208' title='bbox 1048 3568 1167 3650; x_wconf 85' lang='lat' dir='ltr'><strong>proluit</strong></span> <span class='ocrx_word' id='word_1_209' title='bbox 1180 3587 1237 3630; x_wconf 89' lang='lat' dir='ltr'><strong>ex·</strong></span> 
     </span>
     <span class='ocr_line' id='line_1_29' title="bbox 284 3666 1241 3754; baseline -0.008 -16"><span class='ocrx_word' id='word_1_210' title='bbox 284 3676 372 3738; x_wconf 92' lang='lat' dir='ltr'><strong>ilium</strong></span> <span class='ocrx_word' id='word_1_211' title='bbox 390 3671 486 3747; x_wconf 88' lang='lat' dir='ltr'><strong>istud,</strong></span> <span class='ocrx_word' id='word_1_212' title='bbox 501 3684 533 3734; x_wconf 91' lang='lat' dir='ltr'><strong>et</strong></span> <span class='ocrx_word' id='word_1_213' title='bbox 553 3671 784 3754; x_wconf 85' lang='lat' dir='ltr'><strong>aliquantulum</strong></span> <span class='ocrx_word' id='word_1_214' title='bbox 805 3671 881 3733; x_wconf 93' lang='lat' dir='ltr'><strong>mihi</strong></span> <span class='ocrx_word' id='word_1_215' title='bbox 898 3666 972 3753; x_wconf 86' lang='lat' dir='ltr'><strong>ipsi,</strong></span> <span class='ocrx_word' id='word_1_216' title='bbox 988 3680 1022 3732; x_wconf 90' lang='lat' dir='ltr'><strong>ut</strong></span> <span class='ocrx_word' id='word_1_217' title='bbox 1038 3666 1241 3752; x_wconf 84' lang='lat' dir='ltr'><strong>dispositioni</strong></span> 
     </span>
     <span class='ocr_line' id='line_1_30' title="bbox 286 3768 1241 3857; baseline -0.007 -17"><span class='ocrx_word' id='word_1_218' title='bbox 286 3778 403 3841; x_wconf 77' lang='lat' dir='ltr'><strong>divinar</strong></span> <span class='ocrx_word' id='word_1_219' title='bbox 415 3775 532 3857; x_wconf 83' lang='lat' dir='ltr'><strong>gratias</strong></span> <span class='ocrx_word' id='word_1_220' title='bbox 542 3768 688 3835; x_wconf 89' lang='lat' dir='ltr'><strong>habeam.</strong></span> <span class='ocrx_word' id='word_1_221' title='bbox 730 3773 859 3835; x_wconf 87' lang='lat' dir='ltr'><strong>Nollem</strong></span> <span class='ocrx_word' id='word_1_222' title='bbox 872 3771 1001 3854; x_wconf 88' lang='lat' dir='ltr'><strong>quidem</strong></span> <span class='ocrx_word' id='word_1_223' title='bbox 1013 3771 1241 3855; x_wconf 86' lang='lat' dir='ltr'><strong>expromittere</strong></span> 
     </span>
     <span class='ocr_line' id='line_1_31' title="bbox 287 3872 1241 3962; baseline -0.01 -21"><span class='ocrx_word' id='word_1_224' title='bbox 287 3876 374 3962; x_wconf 91' lang='lat' dir='ltr'><strong>quod</strong></span> <span class='ocrx_word' id='word_1_225' title='bbox 396 3873 618 3941; x_wconf 88' lang='lat' dir='ltr'><strong>Cantuariensi</strong></span> <span class='ocrx_word' id='word_1_226' title='bbox 633 3872 674 3936; x_wconf 91' lang='lat' dir='ltr'><strong>de</strong></span> <span class='ocrx_word' id='word_1_227' title='bbox 696 3884 812 3936; x_wconf 85' lang='lat' dir='ltr'><strong>eaetero</strong></span> <span class='ocrx_word' id='word_1_228' title='bbox 833 3894 897 3935; x_wconf 92' lang='lat' dir='ltr'><strong>non</strong></span> <span class='ocrx_word' id='word_1_229' title='bbox 914 3873 1074 3946; x_wconf 82' lang='lat' dir='ltr'><strong>servirem,</strong></span> <span class='ocrx_word' id='word_1_230' title='bbox 1091 3882 1241 3935; x_wconf 87' lang='lat' dir='ltr'><strong>ettamen</strong></span> 
     </span>
     <span class='ocr_line' id='line_1_32' title="bbox 287 3971 1241 4056; baseline -0.01 -13"><span class='ocrx_word' id='word_1_231' title='bbox 287 3981 365 4043; x_wconf 92' lang='lat' dir='ltr'><strong>mihi</strong></span> <span class='ocrx_word' id='word_1_232' title='bbox 380 3980 472 4042; x_wconf 87' lang='lat' dir='ltr'><strong>Deus</strong></span> <span class='ocrx_word' id='word_1_233' title='bbox 487 3975 577 4040; x_wconf 90' lang='lat' dir='ltr'><strong>testis</strong></span> <span class='ocrx_word' id='word_1_234' title='bbox 597 3972 749 4056; x_wconf 91' lang='lat' dir='ltr'><strong>estquod</strong></span> <span class='ocrx_word' id='word_1_235' title='bbox 773 3995 816 4037; x_wconf 91' lang='lat' dir='ltr'><strong>ex</strong></span> <span class='ocrx_word' id='word_1_236' title='bbox 831 3975 996 4056; x_wconf 90' lang='lat' dir='ltr'><strong>proposito</strong></span> <span class='ocrx_word' id='word_1_237' title='bbox 1012 3984 1115 4037; x_wconf 89' lang='lat' dir='ltr'><strong>vestro</strong></span> <span class='ocrx_word' id='word_1_238' title='bbox 1131 3993 1184 4035; x_wconf 91' lang='lat' dir='ltr'><strong>ero</strong></span> <span class='ocrx_word' id='word_1_239' title='bbox 1200 3971 1241 4034; x_wconf 87' lang='lat' dir='ltr'><strong>ds</strong></span> 
     </span>
     <span class='ocr_line' id='line_1_33' title="bbox 288 4071 1240 4145; baseline -0.012 0"><span class='ocrx_word' id='word_1_240' title='bbox 288 4092 404 4145; x_wconf 81' lang='lat' dir='ltr'><strong>cratero</strong></span> <span class='ocrx_word' id='word_1_241' title='bbox 419 4077 557 4142; x_wconf 88' lang='lat' dir='ltr'><strong>curialis.</strong></span> <span class='ocrx_word' id='word_1_242' title='bbox 592 4077 627 4139; x_wconf 88' lang='lat' dir='ltr'><strong>Si</strong></span> <span class='ocrx_word' id='word_1_243' title='bbox 640 4097 712 4138; x_wconf 85' lang='lat' dir='ltr'><strong>vero</strong></span> <span class='ocrx_word' id='word_1_244' title='bbox 723 4071 804 4137; x_wconf 89' lang='lat' dir='ltr'><strong>mihi</strong></span> <span class='ocrx_word' id='word_1_245' title='bbox 822 4075 981 4138; x_wconf 85' lang='lat' dir='ltr'><strong>Dominus</strong></span> <span class='ocrx_word' id='word_1_246' title='bbox 990 4073 1145 4138; x_wconf 88' lang='lat' dir='ltr'><strong>redeundi</strong></span> <span class='ocrx_word' id='word_1_247' title='bbox 1156 4073 1240 4136; x_wconf 87' lang='lat' dir='ltr'><strong>viam</strong></span> 
     </span>
     <span class='ocr_line' id='line_1_34' title="bbox 289 4173 1242 4266; baseline -0.012 -20"><span class='ocrx_word' id='word_1_248' title='bbox 289 4182 457 4266; x_wconf 87' lang='lat' dir='ltr'><strong>aperuerit,</strong></span> <span class='ocrx_word' id='word_1_249' title='bbox 478 4178 644 4241; x_wconf 91' lang='lat' dir='ltr'><strong>rescribite</strong></span> <span class='ocrx_word' id='word_1_250' title='bbox 668 4178 694 4239; x_wconf 88' lang='lat' dir='ltr'><strong>si</strong></span> <span class='ocrx_word' id='word_1_251' title='bbox 712 4177 827 4258; x_wconf 87' lang='lat' dir='ltr'><strong>placet,</strong></span> <span class='ocrx_word' id='word_1_252' title='bbox 850 4196 890 4239; x_wconf 92' lang='lat' dir='ltr'><strong>an</strong></span> <span class='ocrx_word' id='word_1_253' title='bbox 907 4197 957 4239; x_wconf 86' lang='lat' dir='ltr'><strong>me</strong></span> <span class='ocrx_word' id='word_1_254' title='bbox 979 4173 1081 4238; x_wconf 92' lang='lat' dir='ltr'><strong>redire</strong></span> <span class='ocrx_word' id='word_1_255' title='bbox 1097 4183 1242 4258; x_wconf 87' lang='lat' dir='ltr'><strong>oporteat</strong></span> 
     </span>
     <span class='ocr_line' id='line_1_35' title="bbox 290 4273 1241 4354; baseline -0.014 -9"><span class='ocrx_word' id='word_1_256' title='bbox 290 4304 360 4346; x_wconf 91' lang='lat' dir='ltr'><strong>cnm</strong></span> <span class='ocrx_word' id='word_1_257' title='bbox 376 4281 459 4346; x_wconf 92' lang='lat' dir='ltr'><strong>cibis</strong></span> <span class='ocrx_word' id='word_1_258' title='bbox 474 4289 507 4342; x_wconf 90' lang='lat' dir='ltr'><strong>et</strong></span> <span class='ocrx_word' id='word_1_259' title='bbox 524 4289 591 4341; x_wconf 90' lang='lat' dir='ltr'><strong>tota</strong></span> <span class='ocrx_word' id='word_1_260' title='bbox 606 4273 740 4340; x_wconf 85' lang='lat' dir='ltr'><strong>sarcina.</strong></span> <span class='ocrx_word' id='word_1_261' title='bbox 786 4277 871 4339; x_wconf 91' lang='lat' dir='ltr'><strong>Nam</strong></span> <span class='ocrx_word' id='word_1_262' title='bbox 886 4277 913 4338; x_wconf 90' lang='lat' dir='ltr'><strong>si</strong></span> <span class='ocrx_word' id='word_1_263' title='bbox 929 4276 991 4338; x_wconf 95' lang='lat' dir='ltr'><strong>hoc</strong></span> <span class='ocrx_word' id='word_1_264' title='bbox 1015 4275 1118 4352; x_wconf 87' lang='lat' dir='ltr'><strong>suerit,</strong></span> <span class='ocrx_word' id='word_1_265' title='bbox 1133 4274 1241 4354; x_wconf 87' lang='lat' dir='ltr'><strong>plures</strong></span> 
     </span>
    </p>
   </div>
   <div class='ocr_carea' id='block_1_3' title="bbox 290 4372 1241 4467">
    <p class='ocr_par' dir='ltr' id='par_1_3' title="bbox 290 4372 1241 4467">
     <span class='ocr_line' id='line_1_36' title="bbox 290 4372 1241 4467; baseline -0.015 -22"><span class='ocrx_word' id='word_1_266' title='bbox 290 4385 363 4467; x_wconf 89' lang='lat' dir='ltr'><strong>equi</strong></span> <span class='ocrx_word' id='word_1_267' title='bbox 375 4379 551 4446; x_wconf 85' lang='lat' dir='ltr'><strong>necessarii</strong></span> <span class='ocrx_word' id='word_1_268' title='bbox 562 4376 662 4456; x_wconf 83' lang='lat' dir='ltr'><strong>arani,</strong></span> <span class='ocrx_word' id='word_1_269' title='bbox 676 4389 708 4441; x_wconf 88' lang='lat' dir='ltr'><strong>et</strong></span> <span class='ocrx_word' id='word_1_270' title='bbox 723 4379 816 4461; x_wconf 89' lang='lat' dir='ltr'><strong>plura</strong></span> <span class='ocrx_word' id='word_1_271' title='bbox 828 4398 899 4460; x_wconf 83' lang='lat' dir='ltr'><strong>quoe</strong></span> <span class='ocrx_word' id='word_1_272' title='bbox 911 4375 951 4439; x_wconf 91' lang='lat' dir='ltr'><strong>ad</strong></span> <span class='ocrx_word' id='word_1_273' title='bbox 967 4395 1107 4459; x_wconf 71' lang='lat' dir='ltr'><strong>praesens</strong></span> <span class='ocrx_word' id='word_1_274' title='bbox 1117 4372 1241 4435; x_wconf 90' lang='lat' dir='ltr'><strong>desunt.</strong></span> 
     </span>
    </p>
   </div>
   <div class='ocr_carea' id='block_1_4' title="bbox 0 0 1535 5500">
    <p class='ocr_par' dir='ltr' id='par_1_4' title="bbox 0 0 1535 5500">
     <span class='ocr_line' id='line_1_37' title="bbox 0 0 1535 5500; baseline 0 0"><span class='ocrx_word' id='word_1_275' title='bbox 0 0 1535 5500; x_wconf 95' lang='lat' dir='ltr'><strong> </strong></span> 
     </span>
    </p>
   </div>
  </div>
 </body>
</html>
