3034 5500
149 770 256 851 ilua]
535 785 713 830 crismam.
1035 773 1097 832 317

146 940 256 1022 magni
279 939 424 1014 facimus,
447 939 522 1001 dum
546 937 693 1022 proficiat
715 937 816 999 robis.
861 938 1099 1002 Excusarimus

146 1042 365 1105 innocentiam
386 1049 521 1102 vestram
542 1036 627 1122 apud
648 1037 814 1101 dominum
837 1036 1100 1102 cantuariensem

145 1151 178 1205 et
203 1144 282 1206 satis
308 1149 462 1205 excusata
485 1152 545 1213 est,
570 1151 605 1202 ut
628 1135 708 1202 nulli
735 1137 882 1202 suadenti
907 1141 1099 1204 contrarium

148 1243 245 1306 fidem
262 1244 419 1307 habeatis.
459 1241 667 1315 Praemetitur,
679 1251 711 1303 et
725 1241 817 1303 timet
831 1241 974 1324 pericula
987 1252 1101 1319 vestra,

146 1355 184 1408 ut
211 1366 268 1407 vos
290 1344 380 1407 malit
405 1364 478 1406 cum
501 1341 572 1406 aliis
598 1343 730 1406 exulare
756 1342 909 1419 Domino,
932 1363 1028 1426 quam
1051 1345 1100 1407 in·

145 1446 277 1523 utiliter,
297 1458 329 1508 et
351 1447 501 1529 probrose
524 1445 645 1507 conteri
667 1442 799 1506 mundo.
844 1444 912 1505 Vos
933 1455 1100 1528 utramque

145 1559 268 1631 partem
284 1545 468 1628 ponderate,
483 1555 515 1605 et
535 1542 575 1605 de
596 1542 732 1604 consilio
748 1541 818 1625 ejus
833 1555 864 1605 et
879 1557 1001 1620 nostro,
1017 1570 1100 1612 sem·

145 1647 390 1730 persequimini
413 1645 556 1719 meliora,
571 1641 605 1703 id
629 1650 678 1705 est
700 1662 773 1725 quae
798 1642 951 1724 Domin0,
966 1647 993 1708 si
1008 1649 1099 1713 inno-

144 1750 265 1813 tuerint
279 1749 382 1823 vobis,
393 1747 497 1826 magis
513 1744 635 1827 placita
648 1744 774 1806 fuerint.
818 1745 915 1816 Quod
931 1748 958 1810 si
973 1759 1007 1812 ct
1020 1750 1101 1815 illud

144 1849 332 1932 ambiguum
349 1859 398 1910 est
412 1857 468 1910 aut
481 1846 657 1921 occultum,
671 1844 753 1908 fides
773 1847 938 1928 sequenda
952 1860 1010 1928 est,
1026 1853 1103 1935 quia

144 1952 235 2035 quod
251 1973 316 2013 non
332 1963 381 2013 est
395 1969 437 2011 ex
452 1969 501 2021 ea,
517 1957 684 2029 peccatum
699 1957 758 2009 est.
803 1947 906 2011 Mittit
920 1970 996 2031 ergo
1010 1955 1101 2018 vobis

146 2056 269 2119 litteras
292 2051 470 2115 vocationis
492 2048 669 2132 apostolica
690 2049 888 2128 auctoritate,
910 2053 1102 2137 precipiens

146 2158 179 2219 in
196 2157 311 2219 virtute
326 2152 530 2228 obedientiae,
548 2150 629 2212 etin
651 2150 792 2232 periculo
808 2149 931 2215 ordinis
947 2157 1052 2235 vestri,
1066 2170 1103 2224 ut

146 2258 231 2320 int‘ra
256 2253 465 2339 quadraginta
489 2252 559 2314 dies
588 2272 608 2314 a
636 2251 840 2334 susceptione
870 2274 991 2331 earum,
1015 2261 1101 2322 omni

148 2357 319 2421 occasione
335 2364 367 2418 et
381 2353 532 2417 dilatione
547 2353 737 2436 postposita,
752 2352 915 2418 accedatis
929 2357 971 2420 ad
987 2358 1103 2442 ipsum,

151 2456 291 2522 audituri
302 2456 488 2519 mandatum
504 2453 628 2517 domini
639 2474 744 2536 papae,
755 2465 788 2516 et
803 2453 842 2517 de
856 2459 1102 2525 necessitatibus

151 2560 298 2623 ecclesiae
314 2558 485 2621 tractaturi.
526 2558 594 2618 Vos
609 2564 727 2630 autem,
742 2555 770 2616 si
785 2554 925 2619 videritis
939 2561 1030 2623 vobis
1046 2584 1103 2625 cx·

151 2658 273 2744 pedire,
302 2658 452 2721 mandato
491 2656 620 2741 quidem
651 2654 802 2717 utemini:
840 2657 890 2719 siu
919 2672 1024 2722 autem
1054 2664 1101 2727 sic

150 2762 317 2845 accipiatis
340 2760 379 2823 de
403 2780 564 2822 consensu
585 2757 777 2832 mandantis,
800 2758 892 2842 quasi
917 2761 1102 2828 mandatum

151 2885 216 2926 non
232 2864 333 2927 suerit
380 2862 454 2924 Non
478 2859 669 2923 enimvobis
688 2860 838 2943 laqueum
854 2863 1104 2945 procuravimus,

153 2967 234 3028 sicut
255 2965 351 3027 alicui
374 2984 503 3026 suorum
527 2964 694 3044 negligens
716 2961 881 3043 diligentia
903 2968 1102 3048 preparavit.

153 3066 218 3130 Sed
239 3087 340 3149 puero
363 3064 511 3128 dedimus
533 3065 565 3127 in
588 3063 747 3127 mandatis
770 3073 806 3126 ut
826 3064 985 3146 Magistro
1006 3067 1104 3131 Bald-

152 3168 233 3230 wino
260 3166 487 3229 archidiacono
514 3176 568 3228 aut
590 3166 734 3228 Roberto
761 3164 828 3227 filio
851 3166 990 3246 AEgidiae
1015 3168 1104 3233 fratri

153 3281 261 3332 nostro
281 3266 386 3330 tradat
399 3266 533 3343 litteras
547 3275 580 3329 et
600 3277 713 3347 postea
729 3265 757 3328 si
772 3286 827 3328 eas
842 3267 1002 3333 volueritis
1024 3272 1103 3335 reci·

154 3368 553 3454 pere,velvidere,fiatpro
564 3366 887 3448 beneplacitovestro.
903 3369 986 3433 Haec
996 3383 1103 3435 autem

153 3492 210 3555 pro
225 3481 312 3533 certo
327 3470 447 3545 sciatis,
456 3471 532 3553 quia
546 3468 608 3532 nisi
619 3489 677 3531 rex
687 3468 886 3531 Willelmum
901 3473 1105 3555 capellanum

152 3571 336 3648 reddiderit,
360 3572 393 3633 in
420 3581 519 3655 caput
548 3572 617 3657 ejus
639 3573 756 3635 seretur
784 3573 944 3637 sententia
972 3576 1104 3639 anathe-

155 3674 258 3749 matis,
273 3693 333 3736 nec
351 3672 380 3735 ei
395 3673 511 3737 amodo
526 3685 672 3758 parcetur
687 3675 719 3737 in
734 3675 855 3759 aliquo,
870 3675 898 3737 si
914 3676 989 3740 talia
1003 3685 1104 3739 atten-

153 3786 218 3839 tare
233 3773 479 3859 praesumpserit.
