<?xml version="1.0" encoding="UTF-8"?>
<!DOCTYPE html PUBLIC "-//W3C//DTD XHTML 1.0 Transitional//EN"
    "http://www.w3.org/TR/xhtml1/DTD/xhtml1-transitional.dtd">
<html xmlns="http://www.w3.org/1999/xhtml" xml:lang="en" lang="en">
 <head>
  <title>
</title>
<meta http-equiv="Content-Type" content="text/html;charset=utf-8" />
  <meta name='ocr-system' content='tesseract 3.04.00' />
  <meta name='ocr-capabilities' content='ocr_page ocr_carea ocr_par ocr_line ocrx_word'/>
</head>
<body>
  <div class='ocr_page' id='page_1' title='image "./joannissaresber16johngoog_0332.png"; bbox 0 0 3034 5500; ppageno 0'>
   <div class='ocr_carea' id='block_1_1' title="bbox 385 745 1345 820">
    <p class='ocr_par' dir='ltr' id='par_1_1' title="bbox 385 745 1345 820">
     <span class='ocr_line' id='line_1_1' title="bbox 385 745 1345 820; baseline -0.01 -7"><span class='ocrx_word' id='word_1_1' title='bbox 385 754 448 814; x_wconf 78' lang='lat'><strong>310</strong></span> <span class='ocrx_word' id='word_1_2' title='bbox 643 762 781 809; x_wconf 73' lang='lat' dir='ltr'><strong>scaurus</strong></span> <span class='ocrx_word' id='word_1_3' title='bbox 796 759 1077 806; x_wconf 81' lang='lat' dir='ltr'><strong>saansnnnrsrrsrs</strong></span> <span class='ocrx_word' id='word_1_4' title='bbox 1250 745 1293 820; x_wconf 76' lang='lat' dir='ltr'><strong>[a</strong></span> <span class='ocrx_word' id='word_1_5' title='bbox 1309 762 1345 805; x_wconf 90' lang='lat' dir='ltr'><strong>n.</strong></span> 
     </span>
    </p>
   </div>
   <div class='ocr_carea' id='block_1_2' title="bbox 386 911 1357 4439">
    <p class='ocr_par' dir='ltr' id='par_1_2' title="bbox 386 911 1357 4439">
     <span class='ocr_line' id='line_1_2' title="bbox 386 911 1340 996; baseline -0.007 -13"><span class='ocrx_word' id='word_1_6' title='bbox 386 944 443 985; x_wconf 84' lang='lat' dir='ltr'><strong>vos</strong></span> <span class='ocrx_word' id='word_1_7' title='bbox 457 931 489 983; x_wconf 91' lang='lat' dir='ltr'><strong>et</strong></span> <span class='ocrx_word' id='word_1_8' title='bbox 504 917 671 980; x_wconf 90' lang='lat' dir='ltr'><strong>dominum</strong></span> <span class='ocrx_word' id='word_1_9' title='bbox 686 915 945 996; x_wconf 80' lang='lat' dir='ltr'><strong>Wigomiensem</strong></span> <span class='ocrx_word' id='word_1_10' title='bbox 963 914 1011 976; x_wconf 91' lang='lat' dir='ltr'><strong>sic</strong></span> <span class='ocrx_word' id='word_1_11' title='bbox 1034 911 1208 976; x_wconf 84' lang='lat' dir='ltr'><strong>habendos</strong></span> <span class='ocrx_word' id='word_1_12' title='bbox 1224 913 1257 976; x_wconf 90' lang='lat' dir='ltr'><strong>in</strong></span> <span class='ocrx_word' id='word_1_13' title='bbox 1278 935 1340 976; x_wconf 92' lang='lat' dir='ltr'><strong>orn·</strong></span> 
     </span>
     <span class='ocr_line' id='line_1_3' title="bbox 388 1015 1342 1099; baseline -0.008 -13"><span class='ocrx_word' id='word_1_14' title='bbox 388 1025 483 1086; x_wconf 91' lang='lat' dir='ltr'><strong>nibus</strong></span> <span class='ocrx_word' id='word_1_15' title='bbox 509 1032 541 1084; x_wconf 89' lang='lat' dir='ltr'><strong>et</strong></span> <span class='ocrx_word' id='word_1_16' title='bbox 567 1017 762 1094; x_wconf 88' lang='lat' dir='ltr'><strong>tractandos,</strong></span> <span class='ocrx_word' id='word_1_17' title='bbox 776 1026 814 1078; x_wconf 92' lang='lat' dir='ltr'><strong>ut</strong></span> <span class='ocrx_word' id='word_1_18' title='bbox 839 1016 994 1099; x_wconf 84' lang='lat' dir='ltr'><strong>capitales</strong></span> <span class='ocrx_word' id='word_1_19' title='bbox 1021 1015 1176 1078; x_wconf 87' lang='lat' dir='ltr'><strong>inimicos</strong></span> <span class='ocrx_word' id='word_1_20' title='bbox 1202 1017 1300 1097; x_wconf 81' lang='lat' dir='ltr'><strong>regni,</strong></span> <span class='ocrx_word' id='word_1_21' title='bbox 1313 1028 1342 1078; x_wconf 89' lang='lat' dir='ltr'><strong>et</strong></span> 
     </span>
     <span class='ocr_line' id='line_1_4' title="bbox 386 1117 1343 1207; baseline -0.007 -22"><span class='ocrx_word' id='word_1_22' title='bbox 386 1123 526 1207; x_wconf 84' lang='lat' dir='ltr'><strong>publicae</strong></span> <span class='ocrx_word' id='word_1_23' title='bbox 556 1119 666 1183; x_wconf 86' lang='lat' dir='ltr'><strong>salutis</strong></span> <span class='ocrx_word' id='word_1_24' title='bbox 694 1119 814 1180; x_wconf 86' lang='lat' dir='ltr'><strong>hostes.</strong></span> <span class='ocrx_word' id='word_1_25' title='bbox 875 1117 1010 1180; x_wconf 87' lang='lat' dir='ltr'><strong>Utinam</strong></span> <span class='ocrx_word' id='word_1_26' title='bbox 1042 1137 1144 1179; x_wconf 78' lang='lat' dir='ltr'><strong>sanus</strong></span> <span class='ocrx_word' id='word_1_27' title='bbox 1178 1117 1220 1179; x_wconf 90' lang='lat' dir='ltr'><strong>sit</strong></span> <span class='ocrx_word' id='word_1_28' title='bbox 1256 1118 1343 1179; x_wconf 90' lang='lat' dir='ltr'><strong>timor</strong></span> 
     </span>
     <span class='ocr_line' id='line_1_5' title="bbox 391 1217 1345 1303; baseline -0.008 -15"><span class='ocrx_word' id='word_1_29' title='bbox 391 1224 502 1288; x_wconf 89' lang='lat' dir='ltr'><strong>meus!</strong></span> <span class='ocrx_word' id='word_1_30' title='bbox 536 1220 601 1284; x_wconf 90' lang='lat' dir='ltr'><strong>Sed</strong></span> <span class='ocrx_word' id='word_1_31' title='bbox 627 1218 786 1303; x_wconf 89' lang='lat' dir='ltr'><strong>quicquid</strong></span> <span class='ocrx_word' id='word_1_32' title='bbox 812 1217 961 1301; x_wconf 85' lang='lat' dir='ltr'><strong>episcopi</strong></span> <span class='ocrx_word' id='word_1_33' title='bbox 984 1219 1019 1280; x_wconf 92' lang='lat' dir='ltr'><strong>in</strong></span> <span class='ocrx_word' id='word_1_34' title='bbox 1042 1219 1262 1301; x_wconf 77' lang='lat' dir='ltr'><strong>appellatoriis</strong></span> <span class='ocrx_word' id='word_1_35' title='bbox 1282 1218 1345 1280; x_wconf 91' lang='lat' dir='ltr'><strong>suis</strong></span> 
     </span>
     <span class='ocr_line' id='line_1_6' title="bbox 390 1319 1343 1410; baseline -0.005 -24"><span class='ocrx_word' id='word_1_36' title='bbox 390 1346 482 1410; x_wconf 86' lang='lat' dir='ltr'><strong>papae</strong></span> <span class='ocrx_word' id='word_1_37' title='bbox 498 1322 539 1385; x_wconf 89' lang='lat' dir='ltr'><strong>de</strong></span> <span class='ocrx_word' id='word_1_38' title='bbox 563 1343 601 1385; x_wconf 90' lang='lat' dir='ltr'><strong>eo</strong></span> <span class='ocrx_word' id='word_1_39' title='bbox 623 1320 824 1402; x_wconf 81' lang='lat' dir='ltr'><strong>scripserint,</strong></span> <span class='ocrx_word' id='word_1_40' title='bbox 838 1319 993 1403; x_wconf 90' lang='lat' dir='ltr'><strong>quicquid</strong></span> <span class='ocrx_word' id='word_1_41' title='bbox 1016 1319 1198 1403; x_wconf 85' lang='lat' dir='ltr'><strong>praedicent</strong></span> <span class='ocrx_word' id='word_1_42' title='bbox 1222 1319 1260 1382; x_wconf 88' lang='lat' dir='ltr'><strong>de</strong></span> <span class='ocrx_word' id='word_1_43' title='bbox 1282 1320 1343 1402; x_wconf 77' lang='lat' dir='ltr'><strong>pie</strong></span> 
     </span>
     <span class='ocr_line' id='line_1_7' title="bbox 391 1419 1350 1504; baseline -0.006 -15"><span class='ocrx_word' id='word_1_44' title='bbox 391 1438 456 1489; x_wconf 80' lang='lat' dir='ltr'><strong>tate</strong></span> <span class='ocrx_word' id='word_1_45' title='bbox 475 1439 509 1488; x_wconf 89' lang='lat' dir='ltr'><strong>et</strong></span> <span class='ocrx_word' id='word_1_46' title='bbox 529 1421 775 1486; x_wconf 90' lang='lat' dir='ltr'><strong>mansuetudine</strong></span> <span class='ocrx_word' id='word_1_47' title='bbox 793 1421 874 1504; x_wconf 87' lang='lat' dir='ltr'><strong>ejus,</strong></span> <span class='ocrx_word' id='word_1_48' title='bbox 888 1419 929 1483; x_wconf 94' lang='lat' dir='ltr'><strong>de</strong></span> <span class='ocrx_word' id='word_1_49' title='bbox 946 1420 1076 1504; x_wconf 88' lang='lat' dir='ltr'><strong>justitia</strong></span> <span class='ocrx_word' id='word_1_50' title='bbox 1096 1432 1130 1484; x_wconf 93' lang='lat' dir='ltr'><strong>et</strong></span> <span class='ocrx_word' id='word_1_51' title='bbox 1151 1422 1350 1498; x_wconf 86' lang='lat' dir='ltr'><strong>affabilitate,</strong></span> 
     </span>
     <span class='ocr_line' id='line_1_8' title="bbox 393 1519 1344 1604; baseline -0.006 -16"><span class='ocrx_word' id='word_1_52' title='bbox 393 1524 434 1588; x_wconf 93' lang='lat' dir='ltr'><strong>de</strong></span> <span class='ocrx_word' id='word_1_53' title='bbox 462 1523 639 1588; x_wconf 84' lang='lat' dir='ltr'><strong>reverentia</strong></span> <span class='ocrx_word' id='word_1_54' title='bbox 668 1519 848 1597; x_wconf 88' lang='lat' dir='ltr'><strong>sacerdotii,</strong></span> <span class='ocrx_word' id='word_1_55' title='bbox 870 1519 952 1582; x_wconf 88' lang='lat' dir='ltr'><strong>nihil</strong></span> <span class='ocrx_word' id='word_1_56' title='bbox 975 1520 1058 1583; x_wconf 89' lang='lat' dir='ltr'><strong>adeo</strong></span> <span class='ocrx_word' id='word_1_57' title='bbox 1082 1521 1218 1604; x_wconf 91' lang='lat' dir='ltr'><strong>impium</strong></span> <span class='ocrx_word' id='word_1_58' title='bbox 1241 1532 1288 1584; x_wconf 87' lang='lat' dir='ltr'><strong>est</strong></span> <span class='ocrx_word' id='word_1_59' title='bbox 1312 1520 1344 1582; x_wconf 92' lang='lat' dir='ltr'><strong>in</strong></span> 
     </span>
     <span class='ocr_line' id='line_1_9' title="bbox 394 1621 1346 1705; baseline -0.004 -16"><span class='ocrx_word' id='word_1_60' title='bbox 394 1627 513 1699; x_wconf 90' lang='lat' dir='ltr'><strong>Deum,</strong></span> <span class='ocrx_word' id='word_1_61' title='bbox 550 1625 585 1686; x_wconf 91' lang='lat' dir='ltr'><strong>in</strong></span> <span class='ocrx_word' id='word_1_62' title='bbox 620 1623 768 1686; x_wconf 90' lang='lat' dir='ltr'><strong>homines</strong></span> <span class='ocrx_word' id='word_1_63' title='bbox 805 1621 1024 1700; x_wconf 89' lang='lat' dir='ltr'><strong>inhumanum,</strong></span> <span class='ocrx_word' id='word_1_64' title='bbox 1055 1622 1147 1705; x_wconf 91' lang='lat' dir='ltr'><strong>quod</strong></span> <span class='ocrx_word' id='word_1_65' title='bbox 1177 1623 1288 1686; x_wconf 87' lang='lat' dir='ltr'><strong>Franci</strong></span> <span class='ocrx_word' id='word_1_66' title='bbox 1314 1633 1346 1685; x_wconf 87' lang='lat' dir='ltr'><strong>et</strong></span> 
     </span>
     <span class='ocr_line' id='line_1_10' title="bbox 394 1723 1348 1808; baseline -0.004 -17"><span class='ocrx_word' id='word_1_67' title='bbox 394 1728 503 1791; x_wconf 86' lang='lat' dir='ltr'><strong>Latini</strong></span> <span class='ocrx_word' id='word_1_68' title='bbox 526 1726 566 1789; x_wconf 90' lang='lat' dir='ltr'><strong>de</strong></span> <span class='ocrx_word' id='word_1_69' title='bbox 588 1747 627 1788; x_wconf 90' lang='lat' dir='ltr'><strong>eo</strong></span> <span class='ocrx_word' id='word_1_70' title='bbox 650 1725 776 1788; x_wconf 86' lang='lat' dir='ltr'><strong>facilius</strong></span> <span class='ocrx_word' id='word_1_71' title='bbox 799 1745 865 1786; x_wconf 92' lang='lat' dir='ltr'><strong>nou</strong></span> <span class='ocrx_word' id='word_1_72' title='bbox 889 1723 1043 1787; x_wconf 90' lang='lat' dir='ltr'><strong>credant:</strong></span> <span class='ocrx_word' id='word_1_73' title='bbox 1071 1724 1160 1787; x_wconf 90' lang='lat' dir='ltr'><strong>unde</strong></span> <span class='ocrx_word' id='word_1_74' title='bbox 1180 1725 1348 1808; x_wconf 89' lang='lat' dir='ltr'><strong>plurimum</strong></span> 
     </span>
     <span class='ocr_line' id='line_1_11' title="bbox 394 1822 1347 1909; baseline -0.002 -20"><span class='ocrx_word' id='word_1_75' title='bbox 394 1828 548 1890; x_wconf 88' lang='lat' dir='ltr'><strong>mirantur</strong></span> <span class='ocrx_word' id='word_1_76' title='bbox 576 1836 609 1888; x_wconf 92' lang='lat' dir='ltr'><strong>et</strong></span> <span class='ocrx_word' id='word_1_77' title='bbox 638 1833 769 1906; x_wconf 87' lang='lat' dir='ltr'><strong>stupent</strong></span> <span class='ocrx_word' id='word_1_78' title='bbox 793 1844 902 1886; x_wconf 91' lang='lat' dir='ltr'><strong>ornnes</strong></span> <span class='ocrx_word' id='word_1_79' title='bbox 929 1824 984 1907; x_wconf 93' lang='lat' dir='ltr'><strong>qui</strong></span> <span class='ocrx_word' id='word_1_80' title='bbox 1011 1822 1159 1901; x_wconf 88' lang='lat' dir='ltr'><strong>audiunt,</strong></span> <span class='ocrx_word' id='word_1_81' title='bbox 1186 1846 1250 1909; x_wconf 89' lang='lat' dir='ltr'><strong>qua</strong></span> <span class='ocrx_word' id='word_1_82' title='bbox 1274 1846 1347 1888; x_wconf 85' lang='lat' dir='ltr'><strong>con-</strong></span> 
     </span>
     <span class='ocr_line' id='line_1_12' title="bbox 397 1924 1347 2011; baseline -0.002 -19"><span class='ocrx_word' id='word_1_83' title='bbox 397 1929 541 2005; x_wconf 85' lang='lat' dir='ltr'><strong>scientia,</strong></span> <span class='ocrx_word' id='word_1_84' title='bbox 572 1949 636 2011; x_wconf 90' lang='lat' dir='ltr'><strong>qua</strong></span> <span class='ocrx_word' id='word_1_85' title='bbox 673 1924 881 2010; x_wconf 88' lang='lat' dir='ltr'><strong>impudentia,</strong></span> <span class='ocrx_word' id='word_1_86' title='bbox 917 1946 981 2008; x_wconf 87' lang='lat' dir='ltr'><strong>qua</strong></span> <span class='ocrx_word' id='word_1_87' title='bbox 1014 1926 1119 1988; x_wconf 77' lang='lat' dir='ltr'><strong>fronte</strong></span> <span class='ocrx_word' id='word_1_88' title='bbox 1147 1927 1219 1989; x_wconf 84' lang='lat' dir='ltr'><strong>ausi</strong></span> <span class='ocrx_word' id='word_1_89' title='bbox 1248 1926 1347 1990; x_wconf 77' lang='lat' dir='ltr'><strong>fuistis</strong></span> 
     </span>
     <span class='ocr_line' id='line_1_13' title="bbox 397 2025 1347 2108; baseline -0.002 -16"><span class='ocrx_word' id='word_1_90' title='bbox 397 2049 548 2106; x_wconf 85' lang='lat' dir='ltr'><strong>asserere,</strong></span> <span class='ocrx_word' id='word_1_91' title='bbox 574 2029 723 2104; x_wconf 91' lang='lat' dir='ltr'><strong>scribere,</strong></span> <span class='ocrx_word' id='word_1_92' title='bbox 752 2038 785 2089; x_wconf 93' lang='lat' dir='ltr'><strong>et</strong></span> <span class='ocrx_word' id='word_1_93' title='bbox 814 2025 1006 2108; x_wconf 88' lang='lat' dir='ltr'><strong>episcopalis</strong></span> <span class='ocrx_word' id='word_1_94' title='bbox 1037 2027 1239 2090; x_wconf 68' lang='lat' dir='ltr'><strong>auctoritatis</strong></span> <span class='ocrx_word' id='word_1_95' title='bbox 1278 2028 1347 2091; x_wconf 90' lang='lat' dir='ltr'><strong>cha·</strong></span> 
     </span>
     <span class='ocr_line' id='line_1_14' title="bbox 397 2127 1350 2214; baseline 0.001 -23"><span class='ocrx_word' id='word_1_96' title='bbox 397 2130 573 2191; x_wconf 88' lang='lat' dir='ltr'><strong>racteribus</strong></span> <span class='ocrx_word' id='word_1_97' title='bbox 610 2129 798 2191; x_wconf 85' lang='lat' dir='ltr'><strong>confirmare</strong></span> <span class='ocrx_word' id='word_1_98' title='bbox 830 2127 1046 2190; x_wconf 86' lang='lat' dir='ltr'><strong>innocentiam</strong></span> <span class='ocrx_word' id='word_1_99' title='bbox 1076 2128 1232 2205; x_wconf 89' lang='lat' dir='ltr'><strong>hominis,</strong></span> <span class='ocrx_word' id='word_1_100' title='bbox 1262 2129 1350 2214; x_wconf 89' lang='lat' dir='ltr'><strong>cujus</strong></span> 
     </span>
     <span class='ocr_line' id='line_1_15' title="bbox 396 2228 1350 2314; baseline 0.002 -24"><span class='ocrx_word' id='word_1_101' title='bbox 396 2229 562 2313; x_wconf 68' lang='lat' dir='ltr'><strong>injustitiae</strong></span> <span class='ocrx_word' id='word_1_102' title='bbox 578 2239 653 2291; x_wconf 91' lang='lat' dir='ltr'><strong>sunt</strong></span> <span class='ocrx_word' id='word_1_103' title='bbox 668 2228 811 2290; x_wconf 89' lang='lat' dir='ltr'><strong>omnium</strong></span> <span class='ocrx_word' id='word_1_104' title='bbox 827 2229 947 2305; x_wconf 78' lang='lat' dir='ltr'><strong>sabula,</strong></span> <span class='ocrx_word' id='word_1_105' title='bbox 961 2228 1054 2311; x_wconf 92' lang='lat' dir='ltr'><strong>cujus</strong></span> <span class='ocrx_word' id='word_1_106' title='bbox 1074 2231 1350 2314; x_wconf 87' lang='lat' dir='ltr'><strong>supplantationes</strong></span> 
     </span>
     <span class='ocr_line' id='line_1_16' title="bbox 398 2328 1351 2413; baseline 0.002 -20"><span class='ocrx_word' id='word_1_107' title='bbox 398 2340 432 2393; x_wconf 90' lang='lat' dir='ltr'><strong>et</strong></span> <span class='ocrx_word' id='word_1_108' title='bbox 453 2329 619 2391; x_wconf 85' lang='lat' dir='ltr'><strong>violentias</strong></span> <span class='ocrx_word' id='word_1_109' title='bbox 641 2328 780 2391; x_wconf 91' lang='lat' dir='ltr'><strong>mundus</strong></span> <span class='ocrx_word' id='word_1_110' title='bbox 802 2331 950 2411; x_wconf 76' lang='lat' dir='ltr'><strong>agnovit:</strong></span> <span class='ocrx_word' id='word_1_111' title='bbox 982 2331 1144 2413; x_wconf 90' lang='lat' dir='ltr'><strong>quomodo</strong></span> <span class='ocrx_word' id='word_1_112' title='bbox 1168 2332 1203 2394; x_wconf 92' lang='lat' dir='ltr'><strong>in</strong></span> <span class='ocrx_word' id='word_1_113' title='bbox 1227 2334 1351 2396; x_wconf 82' lang='lat' dir='ltr'><strong>subver-</strong></span> 
     </span>
     <span class='ocr_line' id='line_1_17' title="bbox 399 2428 1350 2515; baseline 0.001 -22"><span class='ocrx_word' id='word_1_114' title='bbox 399 2431 520 2493; x_wconf 88' lang='lat' dir='ltr'><strong>sionem</strong></span> <span class='ocrx_word' id='word_1_115' title='bbox 530 2428 664 2512; x_wconf 84' lang='lat' dir='ltr'><strong>justitiae</strong></span> <span class='ocrx_word' id='word_1_116' title='bbox 681 2429 794 2490; x_wconf 78' lang='lat' dir='ltr'><strong>falsum</strong></span> <span class='ocrx_word' id='word_1_117' title='bbox 818 2428 909 2492; x_wconf 85' lang='lat' dir='ltr'><strong>dedit</strong></span> <span class='ocrx_word' id='word_1_118' title='bbox 923 2441 971 2493; x_wconf 89' lang='lat' dir='ltr'><strong>tot</strong></span> <span class='ocrx_word' id='word_1_119' title='bbox 990 2441 1022 2494; x_wconf 88' lang='lat' dir='ltr'><strong>et</strong></span> <span class='ocrx_word' id='word_1_120' title='bbox 1044 2442 1206 2494; x_wconf 86' lang='lat' dir='ltr'><strong>tantorum</strong></span> <span class='ocrx_word' id='word_1_121' title='bbox 1228 2443 1350 2515; x_wconf 86' lang='lat' dir='ltr'><strong>patrum</strong></span> 
     </span>
     <span class='ocr_line' id='line_1_18' title="bbox 400 2529 1351 2613; baseline 0.001 -22"><span class='ocrx_word' id='word_1_122' title='bbox 400 2529 590 2593; x_wconf 86' lang='lat' dir='ltr'><strong>venerabilis</strong></span> <span class='ocrx_word' id='word_1_123' title='bbox 634 2529 825 2592; x_wconf 88' lang='lat' dir='ltr'><strong>universitas</strong></span> <span class='ocrx_word' id='word_1_124' title='bbox 861 2552 919 2613; x_wconf 91' lang='lat' dir='ltr'><strong>pro</strong></span> <span class='ocrx_word' id='word_1_125' title='bbox 956 2532 1080 2594; x_wconf 86' lang='lat' dir='ltr'><strong>malitia</strong></span> <span class='ocrx_word' id='word_1_126' title='bbox 1127 2534 1351 2597; x_wconf 87' lang='lat' dir='ltr'><strong>testimouium.</strong></span> 
     </span>
     <span class='ocr_line' id='line_1_19' title="bbox 401 2630 1352 2719; baseline 0.002 -23"><span class='ocrx_word' id='word_1_127' title='bbox 401 2634 486 2696; x_wconf 89' lang='lat' dir='ltr'><strong>Nam</strong></span> <span class='ocrx_word' id='word_1_128' title='bbox 510 2631 621 2714; x_wconf 87' lang='lat' dir='ltr'><strong>scripti</strong></span> <span class='ocrx_word' id='word_1_129' title='bbox 644 2630 740 2692; x_wconf 87' lang='lat' dir='ltr'><strong>vestri</strong></span> <span class='ocrx_word' id='word_1_130' title='bbox 764 2633 860 2693; x_wconf 83' lang='lat' dir='ltr'><strong>rerba</strong></span> <span class='ocrx_word' id='word_1_131' title='bbox 881 2643 956 2693; x_wconf 89' lang='lat' dir='ltr'><strong>sunt</strong></span> <span class='ocrx_word' id='word_1_132' title='bbox 977 2631 1048 2694; x_wconf 85' lang='lat' dir='ltr'><strong>haec</strong></span> <span class='ocrx_word' id='word_1_133' title='bbox 1071 2653 1130 2716; x_wconf 89' lang='lat' dir='ltr'><strong>pro</strong></span> <span class='ocrx_word' id='word_1_134' title='bbox 1152 2655 1242 2715; x_wconf 80' lang='lat' dir='ltr'><strong>rege,</strong></span> <span class='ocrx_word' id='word_1_135' title='bbox 1264 2634 1352 2719; x_wconf 88' lang='lat' dir='ltr'><strong>cujus</strong></span> 
     </span>
     <span class='ocr_line' id='line_1_20' title="bbox 402 2731 1352 2814; baseline 0.001 -15"><span class='ocrx_word' id='word_1_136' title='bbox 402 2757 530 2799; x_wconf 86' lang='lat' dir='ltr'><strong>causam</strong></span> <span class='ocrx_word' id='word_1_137' title='bbox 541 2733 682 2797; x_wconf 89' lang='lat' dir='ltr'><strong>notarius</strong></span> <span class='ocrx_word' id='word_1_138' title='bbox 692 2741 796 2795; x_wconf 88' lang='lat' dir='ltr'><strong>vester</strong></span> <span class='ocrx_word' id='word_1_139' title='bbox 801 2731 979 2814; x_wconf 84' lang='lat' dir='ltr'><strong>justificare</strong></span> <span class='ocrx_word' id='word_1_140' title='bbox 989 2743 1134 2812; x_wconf 89' lang='lat' dir='ltr'><strong>conatur,</strong></span> <span class='ocrx_word' id='word_1_141' title='bbox 1142 2736 1219 2800; x_wconf 80' lang='lat' dir='ltr'><strong>Rex</strong></span> <span class='ocrx_word' id='word_1_142' title='bbox 1228 2758 1352 2800; x_wconf 88' lang='lat' dir='ltr'><strong>omnem</strong></span> 
     </span>
     <span class='ocr_line' id='line_1_21' title="bbox 401 2835 1352 2921; baseline 0.004 -22"><span class='ocrx_word' id='word_1_143' title='bbox 401 2836 556 2920; x_wconf 88' lang='lat' dir='ltr'><strong>promittit</strong></span> <span class='ocrx_word' id='word_1_144' title='bbox 565 2835 734 2919; x_wconf 87' lang='lat' dir='ltr'><strong>justitiam,</strong></span> <span class='ocrx_word' id='word_1_145' title='bbox 746 2844 779 2895; x_wconf 88' lang='lat' dir='ltr'><strong>et</strong></span> <span class='ocrx_word' id='word_1_146' title='bbox 795 2855 865 2896; x_wconf 89' lang='lat' dir='ltr'><strong>earn</strong></span> <span class='ocrx_word' id='word_1_147' title='bbox 885 2836 978 2898; x_wconf 81' lang='lat' dir='ltr'><strong>lactis</strong></span> <span class='ocrx_word' id='word_1_148' title='bbox 992 2836 1124 2919; x_wconf 90' lang='lat' dir='ltr'><strong>implere</strong></span> <span class='ocrx_word' id='word_1_149' title='bbox 1145 2851 1277 2921; x_wconf 89' lang='lat' dir='ltr'><strong>paratus</strong></span> <span class='ocrx_word' id='word_1_150' title='bbox 1297 2852 1352 2916; x_wconf 83' lang='lat' dir='ltr'><strong>est,</strong></span> 
     </span>
     <span class='ocr_line' id='line_1_22' title="bbox 403 2935 1354 3021; baseline 0 -20"><span class='ocrx_word' id='word_1_151' title='bbox 403 2948 436 3001; x_wconf 92' lang='lat' dir='ltr'><strong>et</strong></span> <span class='ocrx_word' id='word_1_152' title='bbox 450 2938 544 3001; x_wconf 88' lang='lat' dir='ltr'><strong>dulce</strong></span> <span class='ocrx_word' id='word_1_153' title='bbox 568 2945 694 3018; x_wconf 83' lang='lat' dir='ltr'><strong>reputat</strong></span> <span class='ocrx_word' id='word_1_154' title='bbox 719 2935 918 3019; x_wconf 87' lang='lat' dir='ltr'><strong>obsequium,</strong></span> <span class='ocrx_word' id='word_1_155' title='bbox 935 2957 1033 3021; x_wconf 89' lang='lat' dir='ltr'><strong>quum</strong></span> <span class='ocrx_word' id='word_1_156' title='bbox 1055 2950 1216 3018; x_wconf 89' lang='lat' dir='ltr'><strong>monetur,</strong></span> <span class='ocrx_word' id='word_1_157' title='bbox 1228 2950 1270 3002; x_wconf 83' lang='lat' dir='ltr'><strong>nt·</strong></span> <span class='ocrx_word' id='word_1_158' title='bbox 1286 2961 1354 3003; x_wconf 92' lang='lat' dir='ltr'><strong>cor·</strong></span> 
     </span>
     <span class='ocr_line' id='line_1_23' title="bbox 402 3035 1354 3121; baseline 0.005 -22"><span class='ocrx_word' id='word_1_159' title='bbox 402 3039 495 3118; x_wconf 84' lang='lat' dir='ltr'><strong>rigat,</strong></span> <span class='ocrx_word' id='word_1_160' title='bbox 517 3038 544 3099; x_wconf 90' lang='lat' dir='ltr'><strong>si</strong></span> <span class='ocrx_word' id='word_1_161' title='bbox 568 3035 645 3121; x_wconf 91' lang='lat' dir='ltr'><strong>quid</strong></span> <span class='ocrx_word' id='word_1_162' title='bbox 668 3035 837 3099; x_wconf 83' lang='lat' dir='ltr'><strong>offenderit</strong></span> <span class='ocrx_word' id='word_1_163' title='bbox 858 3038 891 3098; x_wconf 88' lang='lat' dir='ltr'><strong>in</strong></span> <span class='ocrx_word' id='word_1_164' title='bbox 915 3038 1031 3112; x_wconf 90' lang='lat' dir='ltr'><strong>Deum,</strong></span> <span class='ocrx_word' id='word_1_165' title='bbox 1051 3060 1113 3103; x_wconf 90' lang='lat' dir='ltr'><strong>nec</strong></span> <span class='ocrx_word' id='word_1_166' title='bbox 1136 3043 1242 3103; x_wconf 88' lang='lat' dir='ltr'><strong>solum</strong></span> <span class='ocrx_word' id='word_1_167' title='bbox 1265 3041 1354 3104; x_wconf 87' lang='lat' dir='ltr'><strong>satis·</strong></span> 
     </span>
     <span class='ocr_line' id='line_1_24' title="bbox 401 3136 1353 3225; baseline 0.002 -24"><span class='ocrx_word' id='word_1_168' title='bbox 401 3140 516 3216; x_wconf 88' lang='lat' dir='ltr'><strong>facere,</strong></span> <span class='ocrx_word' id='word_1_169' title='bbox 524 3138 583 3202; x_wconf 87' lang='lat' dir='ltr'><strong>sed</strong></span> <span class='ocrx_word' id='word_1_170' title='bbox 594 3139 672 3215; x_wconf 66' lang='lat' dir='ltr'><strong>etsi</strong></span> <span class='ocrx_word' id='word_1_171' title='bbox 677 3136 734 3221; x_wconf 86' lang='lat' dir='ltr'><strong>jus</strong></span> <span class='ocrx_word' id='word_1_172' title='bbox 745 3138 864 3219; x_wconf 82' lang='lat' dir='ltr'><strong>exigat,</strong></span> <span class='ocrx_word' id='word_1_173' title='bbox 874 3139 906 3201; x_wconf 91' lang='lat' dir='ltr'><strong>in</strong></span> <span class='ocrx_word' id='word_1_174' title='bbox 917 3140 978 3202; x_wconf 93' lang='lat' dir='ltr'><strong>hoc</strong></span> <span class='ocrx_word' id='word_1_175' title='bbox 988 3139 1143 3205; x_wconf 87' lang='lat' dir='ltr'><strong>satisdare</strong></span> <span class='ocrx_word' id='word_1_176' title='bbox 1154 3152 1287 3225; x_wconf 81' lang='lat' dir='ltr'><strong>paratus</strong></span> <span class='ocrx_word' id='word_1_177' title='bbox 1297 3154 1353 3205; x_wconf 85' lang='lat' dir='ltr'><strong>est.</strong></span> 
     </span>
     <span class='ocr_line' id='line_1_25' title="bbox 401 3238 1353 3326; baseline 0.006 -26"><span class='ocrx_word' id='word_1_178' title='bbox 401 3240 447 3301; x_wconf 88' lang='lat' dir='ltr'><strong>Et</strong></span> <span class='ocrx_word' id='word_1_179' title='bbox 461 3249 535 3321; x_wconf 91' lang='lat' dir='ltr'><strong>post</strong></span> <span class='ocrx_word' id='word_1_180' title='bbox 549 3260 654 3321; x_wconf 87' lang='lat' dir='ltr'><strong>pauca</strong></span> <span class='ocrx_word' id='word_1_181' title='bbox 667 3238 841 3321; x_wconf 82' lang='lat' dir='ltr'><strong>subjungit,</strong></span> <span class='ocrx_word' id='word_1_182' title='bbox 856 3238 1006 3302; x_wconf 88' lang='lat' dir='ltr'><strong>Eundem</strong></span> <span class='ocrx_word' id='word_1_183' title='bbox 1022 3262 1056 3304; x_wconf 91' lang='lat' dir='ltr'><strong>se</strong></span> <span class='ocrx_word' id='word_1_184' title='bbox 1065 3241 1195 3326; x_wconf 89' lang='lat' dir='ltr'><strong>judicio</strong></span> <span class='ocrx_word' id='word_1_185' title='bbox 1210 3244 1353 3308; x_wconf 75' lang='lat' dir='ltr'><strong>ecclesis</strong></span> 
     </span>
     <span class='ocr_line' id='line_1_26' title="bbox 402 3339 1356 3424; baseline 0.002 -20"><span class='ocrx_word' id='word_1_186' title='bbox 402 3343 435 3404; x_wconf 90' lang='lat' dir='ltr'><strong>in</strong></span> <span class='ocrx_word' id='word_1_187' title='bbox 444 3342 497 3403; x_wconf 90' lang='lat' dir='ltr'><strong>his</strong></span> <span class='ocrx_word' id='word_1_188' title='bbox 509 3361 581 3424; x_wconf 75' lang='lat' dir='ltr'><strong>quar</strong></span> <span class='ocrx_word' id='word_1_189' title='bbox 591 3351 667 3403; x_wconf 89' lang='lat' dir='ltr'><strong>sunt</strong></span> <span class='ocrx_word' id='word_1_190' title='bbox 676 3340 846 3419; x_wconf 72' lang='lat' dir='ltr'><strong>Ecclesiae,</strong></span> <span class='ocrx_word' id='word_1_191' title='bbox 854 3362 915 3404; x_wconf 92' lang='lat' dir='ltr'><strong>nec</strong></span> <span class='ocrx_word' id='word_1_192' title='bbox 924 3339 959 3404; x_wconf 91' lang='lat' dir='ltr'><strong>in</strong></span> <span class='ocrx_word' id='word_1_193' title='bbox 968 3341 1096 3407; x_wconf 88' lang='lat' dir='ltr'><strong>modico</strong></span> <span class='ocrx_word' id='word_1_194' title='bbox 1105 3345 1356 3420; x_wconf 86' lang='lat' dir='ltr'><strong>subtrahentem,</strong></span> 
     </span>
     <span class='ocr_line' id='line_1_27' title="bbox 402 3440 1352 3530; baseline 0.005 -26"><span class='ocrx_word' id='word_1_195' title='bbox 402 3442 459 3505; x_wconf 89' lang='lat' dir='ltr'><strong>sed</strong></span> <span class='ocrx_word' id='word_1_196' title='bbox 480 3441 566 3503; x_wconf 90' lang='lat' dir='ltr'><strong>colla</strong></span> <span class='ocrx_word' id='word_1_197' title='bbox 587 3440 709 3503; x_wconf 82' lang='lat' dir='ltr'><strong>Christi</strong></span> <span class='ocrx_word' id='word_1_198' title='bbox 727 3440 808 3523; x_wconf 81' lang='lat' dir='ltr'><strong>jugo</strong></span> <span class='ocrx_word' id='word_1_199' title='bbox 830 3441 1028 3506; x_wconf 86' lang='lat' dir='ltr'><strong>subdentem·</strong></span> <span class='ocrx_word' id='word_1_200' title='bbox 1073 3446 1121 3508; x_wconf 89' lang='lat' dir='ltr'><strong>Et</strong></span> <span class='ocrx_word' id='word_1_201' title='bbox 1142 3448 1241 3530; x_wconf 84' lang='lat' dir='ltr'><strong>paulo</strong></span> <span class='ocrx_word' id='word_1_202' title='bbox 1260 3468 1352 3530; x_wconf 90' lang='lat' dir='ltr'><strong>supe·</strong></span> 
     </span>
     <span class='ocr_line' id='line_1_28' title="bbox 402 3539 1350 3632; baseline 0.006 -29"><span class='ocrx_word' id='word_1_203' title='bbox 402 3541 486 3603; x_wconf 88' lang='lat' dir='ltr'><strong>rius:</strong></span> <span class='ocrx_word' id='word_1_204' title='bbox 518 3539 694 3603; x_wconf 89' lang='lat' dir='ltr'><strong>Dominum</strong></span> <span class='ocrx_word' id='word_1_205' title='bbox 716 3563 824 3624; x_wconf 82' lang='lat' dir='ltr'><strong>regern</strong></span> <span class='ocrx_word' id='word_1_206' title='bbox 846 3564 911 3606; x_wconf 91' lang='lat' dir='ltr'><strong>non</strong></span> <span class='ocrx_word' id='word_1_207' title='bbox 934 3544 1064 3627; x_wconf 84' lang='lat' dir='ltr'><strong>quidem</strong></span> <span class='ocrx_word' id='word_1_208' title='bbox 1086 3568 1263 3632; x_wconf 81' lang='lat' dir='ltr'><strong>numquam</strong></span> <span class='ocrx_word' id='word_1_209' title='bbox 1278 3568 1350 3631; x_wconf 90' lang='lat' dir='ltr'><strong>pec·</strong></span> 
     </span>
     <span class='ocr_line' id='line_1_29' title="bbox 401 3639 1356 3730; baseline 0.008 -22"><span class='ocrx_word' id='word_1_210' title='bbox 401 3664 492 3708; x_wconf 88' lang='lat' dir='ltr'><strong>casse</strong></span> <span class='ocrx_word' id='word_1_211' title='bbox 501 3641 648 3719; x_wconf 86' lang='lat' dir='ltr'><strong>dicimus,</strong></span> <span class='ocrx_word' id='word_1_212' title='bbox 656 3642 713 3706; x_wconf 85' lang='lat' dir='ltr'><strong>sed</strong></span> <span class='ocrx_word' id='word_1_213' title='bbox 726 3644 869 3708; x_wconf 90' lang='lat' dir='ltr'><strong>Domino</strong></span> <span class='ocrx_word' id='word_1_214' title='bbox 879 3639 1156 3730; x_wconf 87' lang='lat' dir='ltr'><strong>semperparatrrm</strong></span> <span class='ocrx_word' id='word_1_215' title='bbox 1163 3651 1356 3728; x_wconf 86' lang='lat' dir='ltr'><strong>satisfacere,</strong></span> 
     </span>
     <span class='ocr_line' id='line_1_30' title="bbox 403 3744 1356 3837; baseline 0.006 -27"><span class='ocrx_word' id='word_1_216' title='bbox 403 3758 436 3809; x_wconf 88' lang='lat' dir='ltr'><strong>et</strong></span> <span class='ocrx_word' id='word_1_217' title='bbox 447 3744 648 3810; x_wconf 85' lang='lat' dir='ltr'><strong>confidenter</strong></span> <span class='ocrx_word' id='word_1_218' title='bbox 663 3745 813 3825; x_wconf 90' lang='lat' dir='ltr'><strong>dicimus,</strong></span> <span class='ocrx_word' id='word_1_219' title='bbox 827 3756 859 3810; x_wconf 89' lang='lat' dir='ltr'><strong>et</strong></span> <span class='ocrx_word' id='word_1_220' title='bbox 875 3746 1097 3831; x_wconf 69' lang='lat' dir='ltr'><strong>praedicamus.</strong></span> <span class='ocrx_word' id='word_1_221' title='bbox 1143 3751 1184 3828; x_wconf 93' lang='lat'><strong>0,</strong></span> <span class='ocrx_word' id='word_1_222' title='bbox 1198 3752 1356 3837; x_wconf 86' lang='lat' dir='ltr'><strong>inquiunt,</strong></span> 
     </span>
     <span class='ocr_line' id='line_1_31' title="bbox 402 3847 1355 3936; baseline 0.006 -26"><span class='ocrx_word' id='word_1_223' title='bbox 402 3869 500 3931; x_wconf 89' lang='lat' dir='ltr'><strong>quam</strong></span> <span class='ocrx_word' id='word_1_224' title='bbox 529 3868 618 3924; x_wconf 89' lang='lat' dir='ltr'><strong>sana,</strong></span> <span class='ocrx_word' id='word_1_225' title='bbox 645 3868 740 3930; x_wconf 91' lang='lat' dir='ltr'><strong>quam</strong></span> <span class='ocrx_word' id='word_1_226' title='bbox 769 3859 881 3912; x_wconf 88' lang='lat' dir='ltr'><strong>sancta</strong></span> <span class='ocrx_word' id='word_1_227' title='bbox 909 3847 1099 3931; x_wconf 73' lang='lat' dir='ltr'><strong>pradicatio</strong></span> <span class='ocrx_word' id='word_1_228' title='bbox 1129 3853 1355 3936; x_wconf 88' lang='lat' dir='ltr'><strong>episcoporum</strong></span> 
     </span>
     <span class='ocr_line' id='line_1_32' title="bbox 401 3946 1355 4038; baseline 0.009 -27"><span class='ocrx_word' id='word_1_229' title='bbox 401 3948 526 4026; x_wconf 80' lang='lat' dir='ltr'><strong>Angliae</strong></span> <span class='ocrx_word' id='word_1_230' title='bbox 541 3946 547 4009; x_wconf 92' lang='lat'>!</span> <span class='ocrx_word' id='word_1_231' title='bbox 573 3970 666 4030; x_wconf 88' lang='lat' dir='ltr'><strong>quam</strong></span> <span class='ocrx_word' id='word_1_232' title='bbox 683 3948 843 4013; x_wconf 86' lang='lat' dir='ltr'><strong>sincerum</strong></span> <span class='ocrx_word' id='word_1_233' title='bbox 858 3962 891 4013; x_wconf 89' lang='lat' dir='ltr'><strong>et</strong></span> <span class='ocrx_word' id='word_1_234' title='bbox 904 3951 1122 4035; x_wconf 90' lang='lat' dir='ltr'><strong>incorruptum</strong></span> <span class='ocrx_word' id='word_1_235' title='bbox 1134 3975 1196 4038; x_wconf 90' lang='lat' dir='ltr'><strong>pro</strong></span> <span class='ocrx_word' id='word_1_236' title='bbox 1211 3956 1355 4019; x_wconf 86' lang='lat' dir='ltr'><strong>libertate</strong></span> 
     </span>
     <span class='ocr_line' id='line_1_33' title="bbox 401 4048 1355 4135; baseline 0.013 -26"><span class='ocrx_word' id='word_1_237' title='bbox 401 4048 561 4110; x_wconf 80' lang='lat' dir='ltr'><strong>Ecclesiae</strong></span> <span class='ocrx_word' id='word_1_238' title='bbox 571 4049 801 4113; x_wconf 89' lang='lat' dir='ltr'><strong>testimonium!</strong></span> <span class='ocrx_word' id='word_1_239' title='bbox 815 4072 912 4135; x_wconf 90' lang='lat' dir='ltr'><strong>quam</strong></span> <span class='ocrx_word' id='word_1_240' title='bbox 922 4073 997 4115; x_wconf 82' lang='lat' dir='ltr'><strong>vera</strong></span> <span class='ocrx_word' id='word_1_241' title='bbox 1005 4065 1056 4116; x_wconf 88' lang='lat' dir='ltr'><strong>est</strong></span> <span class='ocrx_word' id='word_1_242' title='bbox 1064 4056 1200 4118; x_wconf 87' lang='lat' dir='ltr'><strong>assertio</strong></span> <span class='ocrx_word' id='word_1_243' title='bbox 1209 4056 1355 4121; x_wconf 85' lang='lat' dir='ltr'><strong>sacerdo·</strong></span> 
     </span>
     <span class='ocr_line' id='line_1_34' title="bbox 403 4148 1356 4236; baseline 0.012 -26"><span class='ocrx_word' id='word_1_244' title='bbox 403 4159 480 4219; x_wconf 91' lang='lat' dir='ltr'><strong>tum,</strong></span> <span class='ocrx_word' id='word_1_245' title='bbox 495 4148 549 4230; x_wconf 89' lang='lat' dir='ltr'><strong>qui</strong></span> <span class='ocrx_word' id='word_1_246' title='bbox 564 4148 645 4210; x_wconf 92' lang='lat' dir='ltr'><strong>illud</strong></span> <span class='ocrx_word' id='word_1_247' title='bbox 660 4150 840 4231; x_wconf 74' lang='lat' dir='ltr'><strong>pradicant</strong></span> <span class='ocrx_word' id='word_1_248' title='bbox 854 4152 943 4236; x_wconf 93' lang='lat' dir='ltr'><strong>quod</strong></span> <span class='ocrx_word' id='word_1_249' title='bbox 961 4153 1077 4217; x_wconf 88' lang='lat' dir='ltr'><strong>mimus</strong></span> <span class='ocrx_word' id='word_1_250' title='bbox 1090 4167 1148 4219; x_wconf 90' lang='lat' dir='ltr'><strong>aut</strong></span> <span class='ocrx_word' id='word_1_251' title='bbox 1163 4156 1276 4220; x_wconf 87' lang='lat' dir='ltr'><strong>histrio</strong></span> <span class='ocrx_word' id='word_1_252' title='bbox 1290 4158 1356 4221; x_wconf 87' lang='lat' dir='ltr'><strong>sine</strong></span> 
     </span>
     <span class='ocr_line' id='line_1_35' title="bbox 403 4247 1356 4343; baseline 0.01 -30"><span class='ocrx_word' id='word_1_253' title='bbox 403 4247 573 4333; x_wconf 86' lang='lat' dir='ltr'><strong>dispendio</strong></span> <span class='ocrx_word' id='word_1_254' title='bbox 589 4251 787 4315; x_wconf 74' lang='lat' dir='ltr'><strong>verecundis</strong></span> <span class='ocrx_word' id='word_1_255' title='bbox 797 4274 863 4316; x_wconf 91' lang='lat' dir='ltr'><strong>non</strong></span> <span class='ocrx_word' id='word_1_256' title='bbox 876 4255 1066 4339; x_wconf 90' lang='lat' dir='ltr'><strong>loqueretur.</strong></span> <span class='ocrx_word' id='word_1_257' title='bbox 1106 4255 1141 4318; x_wconf 91' lang='lat' dir='ltr'><strong>Si</strong></span> <span class='ocrx_word' id='word_1_258' title='bbox 1152 4257 1251 4322; x_wconf 87' lang='lat' dir='ltr'><strong>fidem</strong></span> <span class='ocrx_word' id='word_1_259' title='bbox 1263 4280 1356 4343; x_wconf 86' lang='lat' dir='ltr'><strong>quam</strong></span> 
     </span>
     <span class='ocr_line' id='line_1_36' title="bbox 402 4347 1357 4439; baseline 0.015 -28"><span class='ocrx_word' id='word_1_260' title='bbox 402 4371 467 4413; x_wconf 90' lang='lat' dir='ltr'><strong>non</strong></span> <span class='ocrx_word' id='word_1_261' title='bbox 483 4349 580 4414; x_wconf 86' lang='lat' dir='ltr'><strong>habet</strong></span> <span class='ocrx_word' id='word_1_262' title='bbox 594 4347 755 4415; x_wconf 84' lang='lat' dir='ltr'><strong>desiderat</strong></span> <span class='ocrx_word' id='word_1_263' title='bbox 770 4353 877 4418; x_wconf 90' lang='lat' dir='ltr'><strong>scriba</strong></span> <span class='ocrx_word' id='word_1_264' title='bbox 892 4366 995 4418; x_wconf 87' lang='lat' dir='ltr'><strong>vester</strong></span> <span class='ocrx_word' id='word_1_265' title='bbox 1017 4354 1267 4439; x_wconf 84' lang='lat' dir='ltr'><strong>Londoniensis,</strong></span> <span class='ocrx_word' id='word_1_266' title='bbox 1282 4370 1315 4424; x_wconf 89' lang='lat' dir='ltr'><strong>et</strong></span> <span class='ocrx_word' id='word_1_267' title='bbox 1333 4360 1357 4425; x_wconf 85' lang='lat' dir='ltr'><strong>si</strong></span> 
     </span>
    </p>
   </div>
   <div class='ocr_carea' id='block_1_3' title="bbox 0 0 1543 5500">
    <p class='ocr_par' dir='ltr' id='par_1_3' title="bbox 0 0 1543 5500">
     <span class='ocr_line' id='line_1_37' title="bbox 0 0 1543 5500; baseline 0 0"><span class='ocrx_word' id='word_1_268' title='bbox 0 0 1543 5500; x_wconf 95' lang='lat' dir='ltr'><strong> </strong></span> 
     </span>
    </p>
   </div>
  </div>
 </body>
</html>
