3034 5500
283 762 484 844 stoa—os]
696 782 875 829 nrrsrosa.
1186 769 1246 833 12⁹
1359 850 1362 856 Ι

278 936 309 1000 in
328 934 610 1000 consummatione
633 932 825 999 matrimonii
848 956 908 998 non
932 938 1081 1020 agnovit:
1113 951 1237 1022 patrem

278 1059 420 1124 quoque,
449 1034 530 1099 dum
557 1048 665 1119 ageret
691 1035 723 1100 in
746 1039 911 1114 extremis,
934 1036 1016 1102 sicut
1042 1036 1239 1105 Giilebertus

279 1134 470 1202 venerabilis
483 1135 584 1200 abbas
600 1133 802 1202 colecestriae
817 1136 932 1203 litteris
946 1139 1023 1215 suis,
1036 1162 1096 1203 non
1108 1142 1241 1225 signatis

280 1251 398 1318 tamen,
412 1236 471 1302 sed
486 1234 623 1301 testibus
643 1237 787 1314 munitis,
802 1251 834 1302 et
849 1237 902 1302 alii
919 1237 1058 1325 religiosi
1075 1239 1130 1325 qui
1145 1240 1239 1305 adfu-

278 1355 379 1421 erant,
394 1336 609 1416 testabantur,
625 1337 728 1423 palam
750 1339 934 1425 poenituisse
955 1340 1134 1419 dicebatur,
1148 1343 1237 1428 quod
1324 1330 1327 1337 ⁵

279 1441 507 1508 fraudulentiae
523 1439 672 1528 jamdicti
686 1440 900 1506 archidiaconi
916 1442 946 1505 in
964 1442 1118 1529 ejicienda
1139 1468 1237 1509 uxore

279 1544 499 1632 adquieverat.
553 1541 618 1608 Sed
648 1542 805 1628 quicquid
836 1545 919 1608 inter
954 1558 1101 1630 parentes
1128 1559 1235 1610 actum

279 1645 389 1723 fuerit,
412 1645 473 1710 sibi
499 1657 557 1708 aut
579 1642 687 1709 liberis
709 1665 773 1706 non
796 1644 912 1708 debere
934 1644 1044 1708 obesse
1065 1646 1236 1722 asserebat,

280 1774 317 1815 eo
347 1749 439 1836 quod
463 1746 704 1813 archidiaconus
732 1761 790 1812 aut
813 1748 981 1835 episcopus
1008 1749 1238 1814 Wintoniensis

282 1849 364 1917 nibil
389 1863 497 1916 contra
517 1849 633 1914 liberos
658 1849 930 1934 pronuntiassent,
951 1849 1006 1914 sed
1031 1851 1091 1915 boc
1113 1849 1238 1936 quoties

277 1952 547 2018 conveniebantur
575 1951 802 2036 expresserint,
829 1951 911 2016 sicut
941 1951 1051 2038 plures
1081 1953 1237 2018 testaban-

280 2073 345 2133 tur,
360 2075 393 2118 se
414 2051 491 2117 nihil
514 2054 737 2137 pronuntiasse
751 2051 905 2116 adversus
929 2052 1043 2118 liberos
1062 2053 1150 2118 illius
1169 2078 1235 2119 ma·

281 2153 433 2233 trimonii,
447 2153 536 2240 quod
556 2167 660 2218 tamen
682 2152 842 2218 infirmare
859 2155 1080 2222 moliebantur.
1129 2157 1235 2233 Unde,

282 2270 319 2321 ut
327 2255 502 2331 asserebat,
510 2269 541 2319 et
554 2254 687 2319 illustris
700 2255 895 2321 Blesensium
904 2281 1010 2322 comes
1019 2259 1236 2335 Tlreobaldus,

280 2359 429 2446 princeps
442 2354 573 2445 quidem
592 2357 731 2445 justitiae
747 2372 880 2436 amator,
895 2374 927 2425 et
938 2359 1022 2446 juris
1038 2362 1235 2428 Cismontani

279 2460 500 2547 peritissimus,
528 2458 569 2523 ad
592 2483 689 2546 quem
715 2463 782 2547 ipse
807 2461 1038 2527 Wintonicnsis
1063 2463 1234 2528 liberorum

277 2586 406 2628 cauum
423 2562 651 2642 transmiserat,
665 2585 703 2627 eo
717 2563 803 2650 quod
821 2564 862 2629 ad
882 2563 985 2650 ipsum
1007 2589 1056 2630 rea
1073 2563 1142 2652 ipsa
1159 2567 1235 2652 jure

278 2664 364 2729 feodi
376 2665 572 2752 pertinebat,
581 2663 689 2728 accitis
699 2664 877 2751 potioribus
889 2666 1044 2753 episcopis
1057 2666 1182 2742 Gallioe,
1192 2691 1232 2731 ex

277 2765 410 2832 oonsilio
424 2787 532 2831 eorum
554 2764 755 2851 aliorumque
773 2766 966 2851 sapientum,
982 2790 1076 2830 causa
1095 2768 1235 2853 cognita,

278 2880 370 2953 patre
384 2867 548 2943 defuncto,
564 2889 618 2932 eos
633 2865 792 2952 legitimos
811 2867 941 2950 agnovit
957 2866 1111 2943 haeredes,
1126 2866 1235 2953 eisque

276 2971 390 3038 obesse
404 2992 466 3034 non
478 2968 594 3034 debere
605 2968 739 3048 censuit,
748 2967 905 3054 quicquid
921 2968 953 3032 in
964 2967 1112 3033 fraudem
1124 2990 1234 3033 eorum

276 3072 375 3138 dolus
396 3071 512 3137 artifex
534 3071 727 3159 procuravit.
775 3071 814 3133 In
836 3070 886 3135 his
907 3084 1014 3136 autem
1034 3070 1185 3135 omnibus
1200 3095 1233 3135 se

276 3174 404 3240 dicebat
427 3175 518 3259 copia
540 3174 669 3240 testium
692 3171 869 3248 abundare,
892 3195 1009 3260 eosque
1030 3171 1062 3236 in
1088 3172 1235 3259 plurimis

280 3274 483 3361 producebat
518 3274 672 3351 articulis,
706 3273 761 3339 sed
800 3273 970 3351 Ricardus,
1007 3273 1154 3339 insistens
1189 3276 1235 3342 rei

272 3375 439 3461 judicatae,
464 3375 505 3440 ab
530 3375 665 3440 articulo
690 3375 747 3439 illo
777 3375 868 3440 avelli
897 3397 961 3441 non
991 3389 1128 3463 poterat,
1154 3377 1233 3464 quin

278 3491 425 3563 oporteat
453 3490 560 3543 tenere
586 3481 785 3555 sententiam,
809 3502 883 3564 quae
908 3500 971 3542 non
998 3477 1093 3543 modo
1119 3478 1233 3565 elapsis

277 3579 385 3644 deoem
409 3577 518 3665 legum
543 3578 669 3655 diebus,
693 3579 746 3643 sed
775 3593 843 3644 toto
869 3580 1012 3644 vicennio
1032 3579 1118 3665 juris
1143 3580 1232 3645 nullo

278 3681 418 3746 remedio
440 3694 632 3767 attemptata
657 3694 716 3745 est.
762 3680 961 3746 Produeebat
983 3694 1015 3746 et
1038 3694 1136 3745 testes
1161 3683 1232 3767 qui·

278 3783 337 3848 boa
351 3783 700 3858 nitebaturostendere,
713 3806 748 3847 se
763 3782 804 3848 ab
819 3783 979 3848 avunculo
994 3806 1052 3847 suo
1067 3783 1232 3851 Wilielmo

277 3883 461 3952 institutum
485 3885 655 3966 hairedem‚
678 3898 710 3951 et
730 3884 808 3949 alios
827 3900 979 3971 tunquam
1002 3885 1124 3970 spurios
1143 3887 1234 3952 abdi·

276 4002 373 4053 catos.
423 3987 486 4054 Sed
503 4011 561 4053 nec
575 3987 777 4075 privilegium
793 3988 903 4052 obesse
923 4010 1128 4073 personarum
1150 3987 1234 4053 dice-

278 4090 344 4169 bat,
372 4114 478 4177 quum
504 4091 622 4156 sactum
650 4089 816 4177 proprium
847 4089 929 4154 nulli
959 4088 1050 4155 liceat
1076 4090 1232 4176 ignorare.

279 4192 371 4258 Licet
398 4192 481 4257 enim
511 4189 689 4255 Willelmus
718 4205 809 4277 pater
837 4189 982 4256 Mabiliae
1012 4190 1100 4255 miles
1125 4192 1235 4268 suerit,

276 4306 381 4358 tamen
394 4294 543 4380 ignorare
556 4315 617 4356 non
625 4293 738 4358 debuit
747 4292 827 4380 quid
839 4292 1048 4379 egeritquum
1060 4291 1234 4356 Albredam

274 4400 428 4482 receperit
460 4396 493 4459 in
524 4416 669 4475 uxorem,
699 4417 762 4459 non
792 4417 847 4482 spe
873 4392 1005 4480 quidem
1034 4391 1149 4469 futuri,
1175 4392 1231 4455 sed

321 4518 395 4563 ros.
413 4518 435 4562 1.
758 4517 781 4562 x
