3034 5500
141 769 253 847 1166.]
521 779 702 824 nersroun.
1034 765 1098 821 279

133 938 239 998 refert
287 935 375 997 Nam
397 933 592 1016 quicumque
613 952 671 1013 pro
686 931 815 1014 justitia
837 932 964 1013 patitur,
980 941 1096 1011 martyr

134 1049 194 1110 est,
221 1033 257 1096 id
283 1042 332 1095 est
359 1032 464 1094 Testis
492 1030 632 1114 justitias,
663 1042 800 1093 assertor
829 1051 934 1093 causas
964 1030 1094 1094 Christi.

134 1135 201 1199 Sed
235 1153 388 1218 quorsum
414 1131 506 1194 haec?
557 1132 632 1194 Scio
668 1132 766 1208 enirn,
802 1131 977 1195 secundum
1008 1133 1095 1216 quod

135 1237 291 1324 praesagit
306 1236 441 1310 animus,
458 1232 545 1315 quod
569 1255 627 1296 rex
647 1246 780 1297 eatenus
800 1258 866 1296 uon
884 1236 1095 1308 convalescet,

135 1348 173 1399 ut
191 1337 232 1400 de
249 1336 421 1398 securitate
437 1335 490 1413 agi
506 1346 661 1417 oporteat,
672 1346 705 1397 et
719 1337 794 1418 quia
809 1338 864 1399 illa
879 1337 1098 1400 robustissima

136 1440 293 1501 columna
318 1437 429 1518 templi
454 1436 543 1512 dicit,
570 1435 657 1517 quod
684 1437 838 1520 quicquid
864 1437 970 1517 agitiS,
992 1439 1097 1500 extol·

138 1539 249 1601 lentim
273 1549 332 1613 est,
348 1551 401 1600 aut
424 1538 489 1599 irae.
531 1536 618 1598 Huic
634 1537 780 1618 opinioni
797 1536 1026 1600 occurrendum
1049 1551 1099 1601 est

138 1639 342 1703 exhibitione
355 1637 593 1714 moderationis,
602 1649 666 1699 tarn
682 1638 714 1699 in
731 1638 824 1700 sactis
840 1648 872 1699 et
883 1636 989 1713 dictis,
1001 1661 1097 1721 quam

140 1742 175 1804 in
194 1751 289 1821 gestu
304 1750 336 1801 ct
350 1739 482 1813 habitu;
505 1737 591 1821 quod
611 1748 717 1801 tamen
739 1738 825 1821 apud
843 1740 1018 1801 Dominum
1034 1761 1099 1801 nou

140 1843 278 1906 multum
296 1840 437 1924 prodest,
453 1840 514 1902 nisi
532 1838 573 1901 de
590 1861 704 1903 arcano
721 1840 925 1904 conscientiae
941 1838 1083 1924 prodeat.

187 1944 239 2006 De
262 1942 390 2022 negotio
422 1941 652 2003 saresberiensi
682 1943 801 2018 recolo,
825 1941 912 2026 quod
939 1963 983 2004 ex
1008 1952 1099 2025 parte

142 2045 288 2130 episcopi
319 2057 351 2106 et
380 2043 539 2120 ecclesias,
566 2041 606 2104 de
632 2043 808 2106 intrusione
839 2043 965 2119 decani,
991 2044 1099 2106 audiri

144 2149 324 2224 vobiscum,
340 2159 372 2209 et
386 2145 614 2228 tpiscoporum
637 2146 922 2223 circumventione,
938 2148 992 2231 qui
1015 2147 1101 2228 epis·

144 2270 262 2332 copuur
294 2258 327 2310 et
357 2246 540 2310 Ecclesiam
578 2267 636 2307 suo
666 2248 804 2310 consilio
833 2246 1031 2311 induxerunt
1059 2247 1102 2312 ad

146 2349 429 2430 transgressionem
452 2345 622 2427 apostolici
645 2346 806 2410 mandati:
835 2350 916 2411 etsi
939 2347 1024 2432 apud
1048 2349 1106 2411 ho-

146 2451 261 2524 mines,
291 2448 374 2511 sicut
399 2447 471 2530 jure
502 2457 632 2508 cautum
662 2461 722 2523 est,
746 2448 826 2510 nulli
855 2451 1105 2530 patrocinabitur

149 2551 244 2613 dolus
265 2570 352 2624 suus,
368 2549 468 2610 multo
491 2547 599 2609 miuus
614 2549 867 2630 patrocinabitur
881 2550 968 2632 apud
991 2551 1105 2613 Domi·

145 2673 234 2728 nuru,
249 2647 304 2734 qui
320 2648 486 2732 disperdet
506 2649 593 2710 labia
614 2649 737 2718 dolosa,
753 2661 787 2711 et
810 2648 1012 2732 prudentiam
1028 2671 1103 2731 pru-

147 2754 278 2817 dentum
304 2751 496 2835 reprobabit.
542 2752 587 2813 Et
610 2751 696 2812 sicut
722 2751 801 2812 mihi
832 2752 872 2813 ab
901 2753 978 2815 urbe
1004 2753 1103 2832 signi·

149 2854 278 2917 ficaturn
309 2863 369 2925 est,
400 2863 433 2915 et
462 2873 521 2932 ego
547 2852 638 2914 robis
668 2851 835 2933 scripsisse
873 2874 923 2916 me
960 2851 1104 2927 memini,

149 2954 300 3018 dominus
324 2974 409 3036 papa
425 2951 494 3034 jam
519 2962 654 3015 vestrum
677 2953 869 3015 sententiam
893 2953 1103 3033 confirmarit,

150 3057 214 3120 imo
229 3050 318 3119 suam
336 3054 511 3116 vindicarit
525 3054 685 3136 injuriam.

194 3159 244 3220 De
274 3156 488 3239 appellatione
518 3156 741 3239 episcoporum
768 3156 847 3239 quid
876 3157 1010 3220 sentiam
1041 3180 1106 3221 uon

114 3289 117 3293 ⁴
152 3259 265 3332 silebo,
281 3257 357 3340 quia
379 3256 469 3318 liberi
492 3277 560 3319 esse
584 3258 710 3334 nolunt,
725 3258 823 3320 timeo
839 3279 880 3320 ne
902 3270 1107 3341 perpetuetur

154 3381 261 3422 eorum
287 3358 429 3433 servitus,
450 3357 522 3440 jure
546 3357 688 3442 quidem,
711 3360 788 3443 quia
810 3381 908 3444 quum
933 3380 1037 3422 annus
1059 3382 1108 3424 re·

154 3461 315 3525 missionis
337 3460 475 3536 adesset,
497 3482 600 3523 annus
623 3462 773 3525 videlicet
795 3462 914 3541 gratiae,
937 3462 1107 3527 ecclesiam

154 3563 186 3625 in
201 3565 378 3627 libertatern
396 3562 571 3635 evocantis,
588 3578 660 3645 post
675 3584 734 3626 sex
748 3584 852 3626 anuos
867 3564 983 3647 quibus
998 3565 1109 3628 afflicti

154 3675 254 3738 erant,
280 3663 374 3745 quasi
398 3662 430 3723 iu
457 3664 524 3724 luto
549 3673 581 3723 et
604 3662 714 3739 latere,
739 3663 929 3740 maluerunt,
955 3686 994 3726 eo
1021 3665 1108 3747 quod

156 3761 287 3844 quidam
317 3781 426 3823 eorum
457 3781 574 3823 uxores
604 3760 773 3838 duxerant,
798 3784 930 3845 quarum
961 3775 1112 3827 tenentur-

156 3863 335 3934 affectione,
359 3863 412 3924 alii
434 3862 515 3946 juga
545 3863 642 3924 boum
672 3863 809 3945 plurima
839 3865 1028 3944 adunarunt,
1053 3865 1107 3928 alii

155 3964 413 4027 thesaurizabant
434 3964 614 4045 pecuniam,
635 3964 816 4030 nescientes
838 3976 943 4037 tamen
960 3967 1013 4028 cui
1029 3987 1107 4029 con·

157 4078 314 4147 gregetur,
330 4065 385 4128 alii
407 4065 477 4127 aliis
498 4076 530 4127 et
546 4065 638 4127 variis
652 4066 869 4147 voluptatibus
892 4087 926 4131 se
943 4066 1109 4145 dederunt,

158 4177 190 4229 et
203 4179 367 4249 premente
389 4187 422 4228 se
437 4166 517 4249 jugo
539 4166 601 4229 sibi
624 4167 818 4248 placentium
835 4168 992 4244 vitiorum,
1007 4170 1109 4232 malu-

158 4281 258 4345 erunt,
279 4268 423 4349 inquam,
445 4267 478 4329 in
502 4267 636 4350 antiqua
661 4268 809 4332 servitute
831 4271 942 4345 teneri,
964 4283 996 4332 et
1017 4290 1108 4331 aures

156 4391 228 4434 suas
254 4370 405 4454 perforari
437 4371 550 4434 subula
577 4381 740 4451 perpetuae
771 4370 942 4447 servitutis,
968 4370 1044 4452 quia
1079 4388 1113 4429 se
