3034 5500
156 746 265 828 llud]
545 763 722 811 aristote.
1046 750 1108 810 248

152 925 214 982 tate
229 929 264 981 et
278 917 384 981 salute
399 916 544 981 ecelesia
562 927 714 980 certatum
732 918 782 979 sit
828 917 928 1000 Spero
945 927 1049 980 auteur
1071 916 1104 979 in

152 1019 308 1094 Domino,
323 1019 477 1102 quoniam
492 1033 524 1082 et
540 1019 680 1083 ecelesia
696 1020 844 1082 Romana
856 1019 964 1082 multis
975 1017 1104 1082 indiciis

151 1117 208 1184 dat
222 1140 338 1183 ausum
354 1118 553 1198 confidendi,
570 1119 653 1183 hanc
678 1120 779 1202 putris
802 1121 900 1183 nostri
922 1120 1104 1203 peregrina-

151 1219 272 1285 tionem
299 1231 332 1284 et
360 1222 502 1284 laborem
533 1221 756 1283 convalescere
780 1220 822 1283 ad
845 1221 1103 1284 restaurationem

152 1321 397 1387 cantuariensis
426 1324 584 1398 ecclesia,
609 1333 642 1384 et
667 1322 825 1402 integram
849 1323 1104 1386 reformationem

152 1421 344 1506 dignitatum
361 1435 395 1489 et
408 1425 656 1508 privilegiorum,
671 1424 790 1507 quibus
807 1426 901 1488 beato
924 1421 1104 1487 Lanfranco

153 1523 347 1608 praesidente
373 1525 545 1608 gaudebat.
590 1523 656 1587 Sed
686 1524 747 1586 boc
774 1524 807 1585 in
835 1525 966 1587 auribus
992 1525 1104 1588 vestris

153 1624 276 1690 diomm
303 1627 356 1704 sit,
381 1627 468 1691 uode
490 1639 524 1690 et
546 1647 602 1690 ros
628 1625 722 1688 decet
741 1645 868 1688 omnem
892 1647 951 1709 pro
976 1626 1105 1702 ritibus,

154 1730 221 1792 imo
236 1739 270 1793 et
283 1730 347 1792 sere
367 1751 464 1812 supra
478 1728 571 1806 vires,
594 1748 686 1810 opem
711 1727 792 1790 ferre
813 1728 910 1810 patris
930 1728 1105 1809 naufragio,

152 1841 189 1893 et
206 1852 281 1895 aum
304 1831 473 1896 benefieiis
496 1830 678 1915 promereri,
701 1841 736 1893 ut
758 1851 857 1914 quum
881 1830 952 1894 Deo
975 1841 1104 1894 auctore

152 1933 340 2012 obtinuerit,
355 1933 452 1997 vestri
468 1933 571 2017 possit
586 1944 618 1996 et
632 1931 749 1995 debeat
765 1931 948 1995 meminisse
959 1932 992 1995 in
1007 1935 1104 1996 bono.
1127 1931 1129 1935 ’

155 2034 274 2100 Nonne
289 2035 374 2099 enim
389 2034 543 2098 indecens
559 2044 608 2097 est
625 2044 657 2097 et
680 2034 879 2117 probrosum,
901 2030 928 2096 si
950 2034 1104 2118 episcopo

153 2159 214 2222 pro
223 2135 355 2221 justitia
369 2137 515 2202 exulanti
538 2137 634 2199 alieni
654 2135 859 2213 subveniunt,
881 2146 912 2200 et
933 2137 1106 2201 necessita·

153 2241 242 2304 tibus
255 2241 326 2325 ejus
341 2240 413 2316 filii,
429 2239 521 2324 cujus
536 2238 689 2301 bonorem
704 2249 735 2300 et
754 2239 888 2322 gloriam
904 2239 1104 2313 thesaurisat,

155 2343 392 2406 communicare
408 2339 591 2404 noluerint?
616 2341 732 2403 Nonne
745 2341 775 2403 ei
787 2340 819 2404 in
833 2342 975 2424 capitulo
987 2343 1106 2418 omnia,

153 2454 188 2509 st
209 2446 304 2508 οῐὶαω
327 2454 509 2508 sanctorum
531 2464 646 2525 capsas
669 2443 841 2519 obtulistis,
861 2455 896 2506 ut
921 2443 990 2507 haee
1015 2443 1106 2506 robis

152 2544 355 2632 acquireret?
394 2546 482 2626 Ergo
505 2545 581 2628 quia
602 2546 644 2609 ob
676 2545 759 2608 hauc
791 2565 919 2607 causam
951 2547 1105 2609 Romanu

153 2648 313 2714 Ecclesiae
337 2659 462 2712 tenetur
490 2647 524 2710 in
553 2647 751 2731 aliquantula
774 2646 923 2729 pecunia,
945 2648 1107 2730 supplicat

152 2750 237 2835 ipae,
251 2760 284 2814 et
296 2772 358 2833 ego
374 2748 480 2813 fidelis
495 2761 598 2814 vester
614 2747 759 2824 consulo,
776 2757 933 2831 quatenus
949 2748 979 2811 ei
994 2747 1028 2810 in
1043 2748 1103 2811 hac

152 2852 343 2917 necessitate
359 2852 568 2928 subveniatis,
582 2873 623 2915 ne
640 2850 807 2914 dominum
823 2870 941 2933 papam
956 2850 1107 2915 beneficii

153 2953 206 3017 sni
226 2954 393 3039 poeniteat,
408 2966 441 3018 et
463 2975 519 3016 vos
541 2953 662 3036 pudeat
684 2963 716 3015 et
737 2952 848 3035 pigeat
867 2950 1107 3015 inhumanitatis

154 3064 267 3120 restrae
296 3056 331 3120 in
360 3065 559 3140 perpetuum.
612 3055 766 3119 Animent
796 3075 852 3117 ros
881 3064 1106 3116 extraneorum

154 3158 318 3240 exempla,
336 3157 391 3241 qui
413 3153 553 3242 propriis
575 3158 687 3221 usibus
709 3164 741 3219 et
765 3155 1010 3220 necessitatibus
1033 3159 1107 3220 sub·

154 3258 294 3338 trabunt,
303 3260 400 3323 etiam
409 3260 518 3323 labore
527 3260 864 3344 manuumexquisita,
875 3280 947 3342 quae
956 3260 1107 3322 exulibus

155 3362 267 3425 reatris
281 3361 475 3446 impertiunt.

109 3653 111 3657 ’
155 3670 376 3736 EPIS'FOLA
392 3668 1105 3735 CLIll.-anrrao1srnnun.nanoususan.

524 3772 608 3851 [nn.
628 3773 736 3852 nou]

470 3933 520 3995 M.
537 3931 577 3994 B.
595 3929 788 3994 Redoneusi.

195 4069 268 4132 Dru
284 4077 344 4147 est,
358 4066 534 4132 amioonrm
551 4065 779 4139 amantissime,
792 4065 877 4150 quod
891 4064 929 4129 de
943 4077 1026 4132 statu
1041 4079 1107 4145 tuo,

153 4181 185 4235 et
199 4169 336 4234 aliorum
352 4179 493 4233 veterum
516 4168 690 4230 amiconrm
712 4167 873 4231 certiorari
895 4166 1051 4244 desidero,
1067 4192 1106 4233 eo

153 4270 287 4357 quidem
318 4270 479 4335 ardentius
508 4290 572 4352 quo
603 4269 702 4331 rarius
731 4268 979 4333 sollicitudinem
1006 4291 1108 4332 meam

154 4375 201 4437 vel
218 4372 260 4437 de
276 4384 320 4452 te,
335 4374 386 4436 vel
402 4394 421 4434 a
437 4382 467 4434 te
484 4370 644 4435 certiorari
661 4371 829 4449 contingit.
878 4371 928 4431 De
952 4382 981 4431 te
1001 4381 1107 4431 tamen

620 4488 640 4532 u
656 4476 676 4532 2
