3034 5500
280 737 476 817 1159-61.]
683 752 864 799 anismam.
1192 739 1235 801 79

277 905 361 992 quod
372 905 514 970 thronus
526 917 630 968 vester
638 904 1021 993 benedictioneperpetua
1031 905 1234 985 solidabitur,

274 1020 304 1070 et
318 1005 410 1090 quod
426 1004 485 1070 filii
503 1004 611 1081 vestri,
626 1018 659 1069 et
673 1004 732 1069 filii
747 1005 886 1068 filiorum
903 1005 1017 1071 solium
1033 1011 1134 1091 regni,
1147 1009 1236 1093 quod

275 1106 368 1171 abeo
384 1106 567 1191 accepistis,
584 1119 616 1171 et
631 1105 751 1172 salubri
767 1106 1041 1172 administratione
1056 1109 1236 1193 disponitis,

274 1208 411 1274 feliciter
426 1209 675 1284 haereditabunt,
699 1233 800 1294 quum
824 1211 857 1274 in
878 1210 1016 1275 subditis
1037 1214 1151 1277 vestris
1167 1227 1237 1278 tan-

276 1323 352 1388 tum,
375 1310 447 1396 ipso
469 1311 624 1395 propitio,
640 1311 852 1376 invenerimus
873 1313 1051 1377 concordias
1067 1315 1235 1395 unitatem,

275 1423 312 1474 ut
328 1410 424 1474 iidem
442 1434 554 1474 eorum
570 1413 602 1475 in
618 1425 709 1499 petra
724 1413 863 1477 ecclesiae
879 1414 1045 1478 solidatam
1062 1439 1140 1494 esse,
1155 1418 1233 1481 fide-

276 1511 404 1577 lissimis
432 1527 465 1577 et
496 1515 750 1578 manifestissmis
769 1529 903 1600 'constet
935 1516 1071 1582 indiciis.
1125 1520 1233 1595 Quum

276 1614 359 1679 enim
367 1639 410 1679 ex
417 1615 682 1680 mandatorestro
694 1615 872 1702 Anglorum
885 1619 1080 1682 convenisset
1094 1620 1234 1699 ecclesia,

276 1718 441 1802 proposita
471 1731 519 1781 est
542 1717 574 1780 in
599 1717 732 1781 auribus
758 1717 939 1803 sapientum
965 1718 1113 1806 quaestio,
1140 1744 1234 1807 super

282 1839 348 1903 qua
371 1817 447 1882 fidei
477 1830 590 1883 vestrae
620 1818 795 1898 sinceritas,
827 1834 861 1884 ut
886 1821 1042 1905 oportuit,
1067 1821 1236 1906 optimates

279 1918 371 2004 regni
386 1919 477 1984 vestri
498 1919 630 2006 dignata
644 1935 692 1984 est
712 1920 904 1987 consultare.
951 1926 1047 1987 Lecta
1069 1937 1142 1989 sunt
1163 1924 1236 1989 binc

280 2019 358 2084 inde
374 2018 509 2106 plurima
530 2021 649 2106 quibus
665 2043 740 2106 pars
759 2024 914 2086 alterutra
934 2023 1121 2087 sententiam
1146 2044 1235 2088 suam

279 2122 363 2186 tueri
380 2134 515 2208 poterat,
532 2120 581 2185 vel
597 2144 743 2187 errorem.
770 2123 894 2187 Deinde
909 2123 941 2187 in
956 2124 1095 2189 medinm
1112 2125 1237 2211 prolata

277 2236 324 2290 est
347 2245 458 2288 norma
481 2222 567 2301 fidei,
584 2223 696 2309 regula
718 2224 931 2310 gerendorum
954 2249 1027 2312 quae
1049 2227 1081 2290 in
1103 2241 1232 2313 patrum

278 2327 494 2391 sanctionibus
520 2327 690 2406 invenitur,
712 2340 748 2391 ut
772 2327 816 2391 sic
838 2327 1045 2392 innotesceret
1069 2329 1234 2405 universis,

278 2428 382 2493 utrius
397 2451 503 2493 causae
517 2429 614 2493 iacies
629 2427 656 2491 ei
672 2429 870 2494 commodius
890 2444 996 2514 posset
1012 2431 1126 2516 aptari,
1141 2430 1235 2494 adeo-

278 2554 341 2617 que
355 2529 551 2616 propitiante
564 2549 654 2617 patre
669 2530 966 2609 misericordiarum,
976 2554 1157 2618 processum
1174 2546 1234 2605 est,

280 2646 315 2696 ut
330 2656 369 2696 ex
386 2632 612 2698 assertionibus
626 2635 764 2719 partium
781 2633 898 2697 veritas
918 2632 1070 2713 eluceret,
1085 2655 1185 2719 quum
1203 2649 1235 2698 et

278 2746 373 2800 testes
388 2734 429 2799 ab
440 2734 601 2821 insperato
616 2733 833 2820 procedentes,
845 2734 933 2821 apud
945 2757 1002 2797 nos
1016 2757 1141 2797 cansam
1154 2732 1236 2796 reri·

279 2838 356 2901 tatis
370 2837 593 2914 instruxerint,
605 2848 636 2899 et
653 2835 790 2899 nefanda
802 2835 991 2898 schismatici
1007 2856 1103 2920 opera
1117 2856 1237 2916 praeco-

278 2952 373 3004 nante
387 2938 474 3001 fama
488 2935 741 3024 publicarentur.
775 2941 902 3022 ltaque,
919 2935 1091 2998 secundum
1110 2957 1147 2996 ea
1162 2956 1237 3021 quoe

281 3040 446 3127 proposita
468 3053 553 3115 sunt,
577 3062 639 3103 non
657 3038 787 3125 quidem
806 3036 988 3123 judicatum
1004 3049 1063 3115 est,
1079 3034 1156 3121 quia
1179 3058 1237 3099 nec

279 3141 383 3222 licuit,
404 3161 468 3202 non
492 3152 648 3204 statutum
676 3139 799 3225 aliquid
826 3138 859 3200 in
887 3135 1112 3223 praejudicium
1139 3134 1238 3220 regite

279 3240 466 3329 majestatis,
487 3243 564 3325 quia
585 3263 642 3303 nec
664 3239 798 3304 debuit:
823 3238 889 3319 sed,
913 3236 1000 3324 quod
1024 3236 1125 3314 licuit,
1148 3238 1236 3322 quod

278 3344 404 3419 debuit,
429 3342 515 3430 quod
542 3342 645 3428 jussio
675 3340 850 3427 majestatis
875 3354 988 3404 vestras
1018 3343 1136 3424 exegit,
1162 3362 1237 3405 con-

281 3446 400 3524 silium,
424 3444 563 3509 Domino
586 3457 666 3507 teste
681 3456 713 3506 et
731 3442 854 3528 judice,
876 3444 1049 3507 formatum
1072 3457 1131 3517 est,
1148 3442 1236 3530 quod

279 3546 383 3613 fidelis
410 3545 582 3633 prudentia
609 3543 813 3609 subditorum
845 3566 919 3608 vero
949 3541 1085 3629 principi
1115 3544 1237 3608 dictare

278 3649 432 3713 debuerat
455 3668 517 3709 non
543 3659 671 3729 rogata:
705 3643 784 3707 illud
810 3667 936 3730 quoque
958 3658 994 3708 ut
1017 3646 1131 3729 prima,
1154 3647 1237 3708 sicut

274 3749 401 3833 justum
428 3761 487 3827 est,
511 3749 600 3810 robis
627 3746 729 3830 gratia
755 3744 922 3823 debeatur,
948 3758 979 3809 et
1005 3745 1109 3830 operis
1135 3749 1236 3832 gloria

278 3850 501 3925 consummati,
513 3865 609 3935 prout
623 3847 830 3933 praecepistis,
843 3847 908 3911 sine
923 3846 1008 3909 omni
1022 3847 1236 3931 publicatione

278 3953 309 4017 in
337 3952 429 4017 libris
455 3950 653 4014 conscientia
682 3946 798 4032 signari
824 3948 967 4021 fecimus,
995 3969 1076 4031 quos
1102 3950 1192 4012 vobis
1217 3973 1236 4013 a

279 4055 435 4119 latoribus
459 4051 664 4139 praesentium
696 4048 848 4133 magistro
876 4048 1112 4112 Bartholomaeo
1134 4052 1237 4114 archi-

277 4158 424 4234 diacono,
438 4169 471 4219 et
493 4152 655 4219 Willelmo
676 4150 717 4213 de
738 4155 802 4214 Ver
821 4150 984 4236 capellano
1005 4161 1124 4229 nostro,
1141 4154 1238 4238 jussi-

277 4282 346 4325 mus
361 4258 491 4347 aperiri.
521 4257 604 4319 Nam
623 4253 797 4340 pradictus
816 4252 1057 4317 archidiaconns
1077 4252 1238 4317 scrutiniis

277 4378 306 4428 et
321 4357 609 4428 deliberationibus
625 4355 768 4420 interfuit
781 4354 947 4429 universis,
960 4368 992 4418 et
1008 4367 1083 4417 vota
1098 4352 1236 4434 singulo-
