3034 5500
287 750 353 808 tae
543 757 681 802 sotrtrsss
697 755 978 803 ssnsssssrsssrs
1150 749 1192 823 [a
1207 759 1236 803 o.

285 913 438 979 citaretur
451 922 572 989 auctor,
583 921 616 973 et
630 931 696 973 non
708 921 873 974 caveretur
887 931 993 989 varus,
1007 911 1068 974 sed
1082 913 1235 976 efficacius

285 1013 415 1078 lederet
429 1033 495 1075 non
510 1021 687 1093 suspectus.
732 1009 770 1074 si
785 1022 891 1074 tamen
910 1012 1130 1075 calumniator
1151 1033 1235 1075 meus

286 1112 492 1190 Benedictus,
506 1123 562 1176 aut
582 1111 665 1175 alius
687 1132 738 1175 me
762 1113 840 1175 velit
861 1133 1007 1194 arguere,
1022 1114 1189 1198 procedat,
1208 1125 1238 1177 et

283 1217 390 1299 palam
410 1223 533 1295 arguat,
546 1223 580 1275 et
599 1211 664 1274 nisi
685 1231 792 1274 meam
815 1210 990 1276 defendero
1012 1214 1238 1291 innocentiam,

284 1317 406 1400 absque
428 1312 682 1379 contradictione
705 1312 851 1377 concedo
874 1335 925 1376 me
948 1315 1124 1397 proditoris
1145 1338 1238 1400 poena

283 1416 493 1502 puniendum.
530 1412 627 1487 Quod
637 1413 666 1476 si
676 1414 861 1478 innocentia
874 1436 946 1478 mee
960 1417 1122 1495 claruerit,
1133 1439 1237 1501 queso

286 1541 328 1584 ne
350 1519 475 1603 antiqui
494 1516 590 1581 amici
604 1528 638 1582 et
652 1515 774 1580 domini
796 1516 931 1598 gratiam
953 1515 1100 1583 debitam
1122 1521 1239 1583 subtra-

286 1625 366 1688 hant
392 1621 575 1686 innocenti:
613 1620 640 1683 si
667 1641 741 1683 vero
771 1620 955 1683 criminator
985 1641 1077 1684 meus
1106 1621 1238 1686 tacendo

286 1725 452 1789 detrahere
476 1723 631 1800 maluerit,
654 1742 749 1806 quam
773 1715 878 1804 palum
902 1740 1048 1801 arguere,
1072 1742 1184 1804 precor
1207 1733 1240 1785 ut

285 1827 484 1911 purgatione,
514 1845 586 1907 quae
617 1821 754 1885 dominis
783 1822 863 1884 meis
897 1821 1066 1905 placuerit,
1095 1833 1237 1907 accepta,

284 1929 441 1992 habeatur
466 1927 640 1989 absolutus
694 1924 766 1987 Nec
795 1922 857 1986 hoc
887 1922 1036 2000 dixerim,
1063 1935 1101 1989 ut
1124 1926 1166 1988 ab
1195 1926 1240 1988 eis

284 2029 535 2092 emolumentum
556 2025 730 2108 temporale
747 2034 929 2107 expectem,
944 2023 998 2087 cui
1015 2023 1087 2107 jam
1110 2046 1168 2108 per
1189 2026 1238 2089 tri·

284 2129 372 2211 ginta
397 2126 554 2190 mensium
575 2125 734 2189 curricula
757 2123 902 2189 exulanti
923 2125 1045 2188 sufficit
1065 2126 1238 2190 liberaliter

286 2227 417 2306 Christi,
439 2227 495 2311 qui
519 2233 553 2289 et
581 2225 657 2289 coeli
687 2226 794 2308 pascit
819 2226 970 2303 volatilia,
996 2237 1030 2291 et
1057 2228 1127 2292 lilia
1150 2231 1241 2293 restit

285 2349 440 2414 agrorum.
486 2326 601 2409 Inquis
625 2346 713 2407 ergo,
727 2327 807 2409 quid
832 2326 937 2411 petis?
968 2349 1046 2393 sane
1071 2330 1163 2413 quod
1178 2331 1238 2394 illis

285 2430 387 2513 magis
415 2450 512 2514 quam
541 2424 620 2490 mihi
649 2428 763 2511 prosit,
786 2428 950 2511 antiquam
976 2442 1010 2492 et
1037 2431 1180 2495 debitam
1208 2433 1239 2494 in

286 2534 428 2600 Domino
454 2530 637 2596 caritatem:
668 2552 725 2594 eos
750 2530 835 2595 enim
858 2542 990 2596 anctore
1014 2533 1148 2599 Christo
1173 2535 1240 2598 dili-

284 2658 356 2721 gam
386 2633 544 2719 quamdiu
569 2634 691 2712 vixero,
717 2634 816 2697 velint
844 2634 959 2697 nolint.
1011 2637 1110 2709 Quod
1140 2638 1169 2700 si
1196 2635 1239 2701 illi

285 2738 416 2822 diligere
444 2734 606 2801 noluerint
637 2735 823 2820 diligentem
852 2759 899 2814 se,
928 2759 999 2802 cras
1034 2739 1241 2823 respondebit

285 2841 364 2906 mihi
375 2840 499 2926 justitia
514 2861 596 2917 mea,
610 2840 637 2901 si
659 2839 738 2924 quid
753 2839 787 2901 in
803 2850 910 2902 monte
926 2841 1091 2905 Dominus
1107 2840 1235 2905 ridebit

285 2942 351 3007 Sed
387 2942 468 3006 dicit
497 2940 651 3003 Nicolaus
687 2960 788 3018 meus,
821 2950 857 3002 ut
888 2938 996 3018 audio,
1029 2941 1122 3026 quod
1149 2943 1238 3006 stilus

283 3066 375 3109 meus
396 3054 462 3108 est:
495 3064 556 3124 ego
577 3043 674 3126 plane
695 3042 789 3106 illum
811 3062 917 3105 meum
944 3065 1015 3107 esse
1040 3066 1107 3108 non
1134 3045 1240 3122 credo,

284 3144 509 3229 Dominusque
525 3143 603 3207 mihi
619 3143 710 3209 testis
724 3156 785 3220 est,
799 3142 887 3227 quod
901 3145 1005 3225 magis
1028 3145 1138 3227 doleo,
1153 3145 1238 3232 quod

282 3246 427 3311 soliditas
457 3246 526 3329 ejus
555 3256 651 3309 tantoe
680 3244 828 3309 falsitatis
859 3246 992 3311 admisit
1020 3251 1237 3334 suspicionem

282 3348 427 3424 facilem3
464 3368 563 3431 quam
587 3368 630 3410 ex
649 3347 777 3429 jactura
802 3368 897 3430 quam
920 3369 962 3411 ex
989 3350 1100 3415 multis
1126 3351 1238 3417 diebus

283 3469 452 3535 perpessus
467 3470 547 3512 sum.
594 3449 670 3511 Non
693 3449 866 3512 animarat
889 3449 1000 3513 leviter
1015 3454 1239 3537 amplectenda

283 3550 412 3614 occasio
432 3559 469 3613 ut
491 3549 531 3611 ab
554 3541 658 3611 amico
684 3546 874 3625 discederet,
898 3550 1076 3632 praesertim
1100 3561 1237 3638 tempore

281 3653 353 3715 isto.
398 3647 484 3731 Ego,
504 3648 661 3711 liberante
684 3669 734 3712 me
757 3646 904 3712 cordium
927 3645 1126 3733 inspectore,
1148 3654 1239 3718 t'acile

281 3752 425 3818 evadam.
471 3752 515 3814 Et
533 3750 653 3812 utinam
668 3750 738 3833 ipae
753 3749 793 3814 de
808 3748 937 3814 levitate
952 3748 1073 3834 judicii
1089 3754 1238 3820 adversus

280 3855 419 3919 amicum
442 3855 656 3929 innocentem,
671 3872 735 3915 non
751 3852 843 3917 facile
866 3852 1078 3937 turpitudinis
1101 3857 1238 3922 incurrat

280 3967 401 4019 notam.
