3034 5500
281 747 344 807 820
542 755 679 800 scennis
695 752 977 808 snnnsaanrunsrs
1148 737 1191 817 [s.
1206 755 1233 799 o.

282 909 427 988 litudine,
442 930 538 993 quam
554 909 722 971 verborum
734 908 954 991 increpatione
966 907 1155 990 corripiunt
1186 908 1234 971 Sic

281 1012 314 1074 in
338 1021 449 1095 quarto
471 1031 580 1090 regum
604 1009 767 1071 Helisaens
794 1009 877 1090 regis
904 1009 1006 1071 lsrael
1028 1005 1235 1071 idololatriam

281 1111 465 1186 detestatur,
481 1121 513 1173 et
529 1109 558 1172 ei
583 1111 747 1172 oraculum
772 1109 957 1193 Prophetiae
979 1130 1050 1172 non
1073 1108 1237 1182 subtrahit,

282 1211 337 1277 sed
349 1212 420 1295 quis
432 1213 483 1284 sit,
495 1210 610 1295 quidve
622 1232 773 1294 passurus
786 1232 827 1274 ex
840 1211 953 1274 merito
969 1212 1077 1293 palam
1090 1211 1236 1294 loquitur,

281 1324 313 1377 ct
340 1314 544 1397 proverbium
572 1313 695 1375 nullum
722 1313 809 1375 dicit.
865 1311 919 1374 Sic
947 1311 1059 1395 itaque
1088 1311 1236 1396 potestati

282 1414 393 1492 defert,
408 1414 454 1477 sic
475 1435 534 1498 pro
548 1414 721 1477 reverentia
736 1413 866 1477 alterius
889 1413 1066 1497 respondet
1088 1415 1192 1490 alteri,
1205 1421 1238 1476 ut

281 1537 346 1579 non
362 1515 474 1597 religio
483 1515 646 1600 jacturam
661 1515 767 1592 saciat,
779 1513 835 1577 sed
850 1515 941 1577 zelus
953 1515 1117 1598 exprimat
1128 1515 1235 1578 carita·

283 1630 359 1683 tem.
395 1619 450 1682 Ait
463 1617 564 1680 enim:
591 1617 680 1685 Quid
693 1619 776 1680 mini
790 1625 821 1680 et
838 1616 909 1693 titi,
921 1637 983 1678 ree·
1000 1618 1111 1680 Israel
1120 1616 1137 1678 .⁹
1159 1616 1238 1679 on&

281 1715 328 1784 dd
337 1721 516 1802 prophetoe
528 1721 638 1800 patris
649 1720 712 1796 tui,
721 1726 752 1780 et
768 1720 883 1780 neotrtr
898 1725 973 1780 tue.
1026 1719 1112 1781 Vicit
1129 1719 1237 1782 Domi·

280 1840 352 1897 nna,
377 1821 414 1882 in
439 1821 534 1903 cnjus
563 1828 732 1901 conspectu
758 1827 817 1895 sto,
843 1819 931 1903 quod
958 1821 989 1880 si
1017 1840 1084 1882 non
1114 1822 1236 1882 mettun

281 1921 441 2001 Josnplet
467 1923 552 2002 repis
580 1920 678 1983 June
705 1919 930 1996 erubescerem,
957 1938 999 1980 ne
1027 1920 1237 1982 attendissem

280 2021 411 2104 quidem
435 2030 476 2098 te,
490 2043 549 2084 nec
570 2023 789 2102 respexissem.
834 2020 956 2082 Eorum
974 2040 1050 2082 vero
1073 2019 1237 2084 sacrifieiis

281 2120 558 2204 periculosissime,
575 2133 606 2184 et
629 2135 664 2184 ut
685 2122 811 2204 opinor,
826 2142 890 2183 non
914 2121 983 2184 sine
1007 2120 1122 2184 salutis
1145 2120 1236 2185 detri-

281 2230 388 2282 mento
419 2221 683 2291 communicatur,
715 2221 803 2304 quod
834 2242 877 2284 ex
909 2242 1069 2285 canonum
1100 2222 1236 2286 lectione

280 2321 419 2405 plenius,
444 2333 479 2385 ut
503 2321 616 2399 nostis,
640 2329 737 2405 patet.
783 2324 868 2386 Nem
898 2333 930 2387 et
960 2324 1110 2387 Naaman
1143 2325 1237 2407 syrus

281 2423 458 2487 ministerio
476 2424 610 2487 Helisaei
627 2434 754 2487 curatus
770 2445 790 2487 a
803 2425 902 2508 lepra,
914 2424 1037 2487 domini
1050 2427 1144 2491 suist
1158 2427 1237 2508 regit

281 2523 1237 2606 Syriae,publicisorationibusinteressenonaudetnisirenia

280 2625 459 2708 impetrata,
473 2622 535 2688 nisi
551 2645 631 2688 onus
648 2624 784 2688 duorum
805 2623 1000 2699 burdonum,
1017 2627 1070 2689 cui
1086 2626 1186 2690 instet
1206 2639 1235 2690 et

281 2725 402 2804 sedeat,
417 2737 558 2810 asportet
572 2726 606 2789 in
621 2726 754 2790 idolium
776 2725 815 2789 de
832 2737 912 2789 terra
937 2724 1068 2805 Sancta,
1083 2728 1146 2792 nisi
1165 2750 1235 2814 pro·

281 2827 420 2910 pheticis
441 2828 637 2891 orationibus
659 2824 747 2889 hunc
770 2838 885 2910 purget
908 2847 1091 2905 excessum,
1115 2828 1236 2905 dicens,

284 2928 424 2996 Quando
439 2930 625 3010 inpredt‘tur
640 2927 789 2990 dominns
802 2948 892 2989 mens
904 2930 1059 3011 templum
1077 2928 1235 2993 &menon

281 3037 318 3092 nt
328 3030 451 3106 adoret,
460 3038 491 3093 et
501 3032 558 3092 illo
566 3032 727 3093 innitente
737 3049 836 3110 snper
844 3050 978 3091 manum
991 3050 1108 3107 meam,
1118 3032 1235 3094 odore·

280 3152 351 3194 nero
365 3134 470 3195 Deum
482 3153 593 3195 oerum
604 3137 640 3194 in
651 3132 758 3194 eodem
771 3133 849 3209 loco,
859 3151 916 3193 oro
927 3151 1032 3215 queso
1043 3140 1081 3195 nt
1093 3134 1234 3213 tynmcot

279 3234 364 3294 mihi
378 3233 541 3296 Dominus
554 3254 641 3296 serso
657 3242 786 3313 tuopte
801 3234 861 3295 hac
877 3252 923 3295 re.
968 3232 1005 3295 Si
1019 3254 1096 3314 ergo
1111 3244 1233 3298 tantum

279 3334 383 3398 timuit
405 3336 544 3416 gentilis,
565 3336 691 3418 ignarus
713 3335 806 3416 legis,
826 3343 982 3417 quantum
1006 3335 1116 3399 timere
1139 3336 1232 3400 debet

278 3434 492 3517 philosophus
504 3436 717 3517 Christianus,
730 3436 843 3501 doctor
854 3434 951 3518 legis?
975 3436 1075 3500 Porro
1087 3439 1142 3522 qui
1152 3439 1232 3502 inter

278 3534 360 3599 tales
389 3536 528 3599 veritatis
557 3550 693 3601 assertor
730 3550 791 3610 est,
821 3539 927 3602 cultor
961 3537 1107 3623 justitiae,
1136 3540 1230 3603 divini

280 3658 384 3722 praeco
404 3636 530 3721 judicii,
551 3638 683 3701 aliorum
707 3662 772 3703 non
794 3642 980 3725 inquinatur
1001 3650 1133 3706 attactu
1178 3641 1230 3706 Sic

278 3741 364 3805 enim
390 3740 473 3804 Loth
501 3739 643 3802 Domino
668 3742 778 3824 placet
803 3744 836 3806 in
863 3743 1026 3822 Sodomis,
1050 3745 1175 3830 Joseph
1198 3745 1232 3808 in

279 3842 374 3904 domo
398 3841 582 3919 Pharaonis,
604 3842 737 3927 Moyses
764 3846 845 3909 inter
869 3846 1051 3930 AEthiopes,
1076 3845 1175 3910 Cusai
1198 3847 1231 3909 in

279 3941 423 4005 consiliis
452 3943 607 4019 Absalon,
637 3945 760 4008 Abdias
789 3947 822 4008 in
862 3946 1024 4011 consortio
1053 3948 1167 4012 Achab
1199 3959 1231 4011 et

275 4043 420 4116 Jezabel,
444 4043 561 4107 Daniel
588 4066 607 4107 a
633 4047 777 4110 Domino
800 4047 946 4129 dirigitur
972 4057 1004 4110 et
1030 4048 1176 4131 diligitur
1196 4050 1228 4111 in

276 4142 455 4224 Babylone.

319 4246 429 4309 Meum
446 4243 553 4329 itaque
569 4247 737 4311 consilinm
753 4259 849 4314 estet
871 4247 1077 4329 desiderium,
1090 4261 1129 4316 ut
1148 4253 1229 4316 inter

276 4346 496 4412 schismaticos
511 4357 544 4411 et
558 4348 724 4415 haereticos
740 4352 837 4416 fidem
852 4351 1047 4437 praedicetis,
1058 4367 1092 4417 et
1106 4375 1231 4439 pecem,
