3034 5500
161 751 359 832 1159—61.]
542 772 717 817 nersronm.

318 1009 549 1073 EPISTOLA
570 1010 786 1072 LXIII.—nn
801 1029 952 1075 nuunnn.

490 1144 574 1226 Regi
588 1144 774 1225 Anglorum.

195 1277 262 1348 Qut
287 1296 354 1337 non
387 1275 506 1360 speruit
535 1297 712 1361 pauperum
736 1298 855 1360 preces,
877 1277 1052 1344 misericors
1077 1294 1109 1346 et

155 1375 321 1441 miserator
345 1375 506 1441 Dominus
527 1375 665 1441 ecclesiae
687 1397 754 1440 suae
778 1379 915 1460 gemitus
930 1380 1107 1457 exaudivit,

154 1488 183 1538 et
206 1498 264 1561 per
292 1476 433 1560 gratiam
459 1498 549 1539 suam
576 1476 666 1539 vobis
696 1478 837 1541 restituit
862 1500 984 1562 pacem,
1011 1503 1106 1565 quarn

153 1577 292 1662 possitis,
307 1591 345 1642 ut
356 1589 495 1663 oportet,
506 1577 672 1641 restituere
685 1579 824 1642 subditis
834 1581 955 1643 vestris.
978 1579 1106 1648 Justum

152 1679 233 1741 enim
250 1691 311 1758 est,
328 1691 365 1742 ut
380 1677 443 1742 sint
458 1679 707 1743 consolationum
724 1680 894 1766 participes
909 1682 964 1766 qui
980 1685 1107 1750 contriti

154 1781 277 1843 suntin
300 1779 462 1844 laboribus
482 1780 606 1855 vestris,
627 1795 658 1845 et
679 1782 734 1866 qui
756 1780 938 1857 facultates,
961 1807 1104 1870 corpora,

153 1879 288 1960 animas,
311 1896 448 1946 vestrum
473 1896 689 1968 exposuerunt
712 1882 751 1945 ad
777 1882 915 1961 libitum,
932 1885 1104 1966 vobiscum,

153 1983 202 2045 vel
213 1981 255 2046 ad
268 1983 422 2046 modicum
431 1984 555 2048 valcant
564 1985 728 2070 respirare,
737 2000 771 2050 ut
779 1986 1101 2071 vestrispostmodum

152 2085 317 2169 obsequiis
332 2084 405 2160 sint,
418 2108 518 2171 quum
528 2108 610 2171 opus
621 2086 729 2161 fuerit,
740 2086 888 2172 aptiores.
927 2090 1100 2167 Caeterum,

149 2185 225 2270 quia
240 2185 272 2248 in
290 2184 433 2249 absentia
449 2199 562 2259 vestra,
578 2207 636 2248 nec
652 2208 723 2271 spes
737 2186 855 2271 quietis
870 2200 918 2250 est
933 2191 1101 2254 coaetaneis

147 2286 274 2365 uostris,
285 2287 411 2352 vultum
425 2300 561 2350 vestrum
576 2287 734 2351 desiderat
746 2289 892 2352 universa
902 2302 997 2367 terra,
1008 2306 1099 2378 rogat

149 2388 338 2467 Dominum,
353 2388 385 2452 in
400 2389 596 2475 cujusmauu
614 2390 710 2453 cordo
725 2404 800 2454 sunt
816 2412 939 2474 regum,
956 2411 993 2455 ut
1008 2394 1099 2458 vobis

146 2515 250 2555 veram
268 2514 393 2579 pacem,
408 2504 439 2555 et
456 2491 515 2554 sibi
531 2505 665 2555 vestram
678 2492 814 2577 gratiam
831 2492 996 2576 largiatur,
1012 2507 1044 2558 et
1061 2510 1097 2560 ut

144 2595 174 2658 in
191 2618 292 2678 regno
307 2607 413 2657 vestro
427 2592 467 2656 ad
483 2592 726 2657 consolationem
742 2607 775 2657 et
788 2593 958 2659 utilitatem
971 2596 1046 2659 cleri
1062 2613 1093 2663 et

144 2697 266 2784 populi,
275 2697 400 2783 placeat
409 2695 547 2783 amplius
557 2718 775 2767 commanere;
799 2716 854 2758 eos
865 2696 922 2781 qui
933 2720 992 2782 pro
1006 2698 1095 2762 vobis

144 2814 250 2876 orant,
280 2798 394 2863 audire
423 2798 585 2862 consuevit
617 2797 814 2870 Altissimus‚
837 2812 869 2860 et
893 2797 973 2860 hauc
995 2798 1094 2883 ipsam

142 2903 331 2989 petitionem
355 2900 524 2965 humilium
546 2914 706 2986 acceptum
723 2922 790 2961 esse
804 2897 992 2961 confidimus
1007 2901 1094 2986 apud
1170 2969 1172 2975 ,

142 3027 226 3072 eum.
274 3004 499 3091 supplicamus
513 3003 623 3088 itaque
639 2999 793 3086 majestati
809 3013 937 3074 vestrae,
955 3015 990 3065 ut
1007 3001 1095 3066 vobis

142 3108 277 3195 placeat,
313 3105 400 3191 quod
435 3104 558 3191 placere
589 3103 728 3166 Domino
755 3100 961 3174 arbitramur,
994 3114 1026 3166 et
1056 3116 1092 3168 ut

141 3208 279 3271 redeatis
304 3205 344 3270 ad
364 3205 553 3291 peculiarem
577 3203 731 3291 populum
755 3215 906 3276 vestrum,
928 3225 986 3288 pro
1001 3206 1094 3290 cujus

141 3310 329 3374 necessitate
339 3318 371 3371 et
382 3307 644 3393 precibuspacem
657 3304 744 3369 vobis
753 3328 772 3367 a
786 3305 925 3369 Domino
933 3305 1092 3372 credimus

141 3413 286 3498 undique
309 3409 522 3473 reformatam.
569 3411 698 3470 Movent
729 3430 785 3469 vos
815 3404 944 3471 devotio
966 3409 1090 3495 populi,

141 3527 266 3578 moveat
293 3512 426 3577 affectus
451 3512 635 3586 liberorum,
665 3533 684 3571 a
710 3531 848 3595 quorum
880 3521 1008 3595 aspectu
1038 3512 1089 3575 vix

141 3617 351 3702 rigidissimus
372 3637 486 3701 parens
508 3629 612 3699 posset
636 3611 756 3675 tamdiu
781 3611 889 3675 oculos
911 3612 1090 3677 continere:

141 3720 217 3784 fides
238 3730 367 3783 moveat
388 3717 577 3801 conjugalis,
604 3726 728 3778 moveat
750 3714 916 3777 amoenitas
933 3715 1090 3792 locorum,

140 3838 168 3887 et
184 3820 349 3886 affluentia
364 3819 561 3895 deliciarum,
578 3839 658 3903 quas
668 3839 729 3878 non
746 3813 917 3879 sufficimus
928 3839 1089 3880 enarrare:

138 3938 166 3989 et
182 3949 221 3989 ne
237 3924 400 4010 propriam
414 3934 639 4007 praetereamus
654 3940 792 3996 causam,
808 3931 932 3981 moveat
948 3920 1089 3982 animum

139 4039 275 4089 vestrum
298 4023 452 4087 desolatio
468 4045 547 4101 mea,
564 4021 620 4108 qui
642 4043 709 4106 prae
732 4031 826 4082 oetute
846 4033 878 4084 et
900 4020 1091 4102 aegritudinc

138 4127 352 4191 desideratum
363 4123 537 4188 adventum
550 4137 690 4187 vestrum
706 4121 761 4185 diu
778 4143 838 4184 non
855 4135 967 4207 potero
978 4144 1091 4207 expec-

137 4242 208 4293 tare.
258 4227 340 4293 Pelli
372 4249 450 4291 meae
487 4227 683 4311 consumptis
717 4222 867 4286 carnibus
895 4222 1029 4285 adhaesit
1055 4245 1090 4284 os

135 4352 248 4406 meum,
265 4347 423 4391 recessum
443 4326 582 4389 minatur
598 4325 740 4411 spiritus,
754 4322 855 4384 baerat
872 4335 976 4384 tamen
991 4342 1088 4382 mem·
