3034 5500
404 747 446 805 74
664 760 803 805 soranus
818 758 1094 803 saansannrnnsrs
1263 739 1306 818 [r.
1322 758 1349 803 n

404 909 523 996 requiri
537 919 663 996 oportet
677 933 718 974 ex
734 933 788 973 ore
803 932 930 974 eornm:
957 907 1105 974 custodes
1117 910 1201 972 enirn
1218 909 1351 974 scientia

405 1025 489 1093 suut,
503 1024 535 1076 et
551 1014 740 1076 auctoritate
765 1035 831 1097 qua
854 1010 1074 1097 praeeminent,
1089 1022 1236 1096 possunt,
1251 1025 1284 1076 et
1305 1012 1353 1076 de-

405 1114 492 1193 bent,
521 1129 558 1179 ut
587 1114 620 1177 in
650 1137 683 1177 se
711 1130 902 1178 concurrant
933 1113 1059 1200 populi,
1088 1113 1257 1198 imperare.
1308 1115 1353 1179 Te

403 1214 528 1278 interim
546 1216 655 1279 domui
672 1230 737 1280 tuae
752 1213 927 1301 composita
942 1237 1020 1301 pace
1040 1214 1203 1300 quiescere
1226 1216 1354 1281 arbitra·

404 1317 472 1392 bar,
487 1318 635 1402 ignorans
656 1341 694 1380 an
718 1331 749 1382 te
764 1317 893 1380 visurus
916 1330 996 1381 esset
1020 1314 1136 1402 aliquis
1162 1339 1286 1393 eorum,
1301 1319 1353 1404 qui

406 1420 652 1505 egrediebantur
666 1443 683 1483 a
696 1419 815 1484 finibus
825 1419 951 1484 nostris,
986 1421 1067 1482 Nam
1080 1441 1181 1504 quum
1194 1417 1236 1482 de
1248 1422 1356 1485 vestris

404 1523 533 1608 plurimi
556 1536 766 1600 revertantur,
781 1544 874 1585 nemo
897 1535 1013 1608 prater
1037 1520 1238 1585 Willelmum
1260 1522 1354 1586 medi-

406 1647 479 1688 cum
496 1625 573 1689 mihi
588 1643 654 1690 tuae
670 1624 870 1688 salutationis
884 1622 1060 1709 alloquium
1077 1623 1265 1709 reportavit.
1308 1624 1357 1686 Vi·

407 1726 482 1791 disti
503 1741 608 1793 tamen
625 1726 665 1790 de
681 1728 776 1790 domo
798 1738 830 1790 et
853 1746 962 1788 mensa
981 1724 1103 1788 domini
1122 1725 1184 1787 mei
1208 1725 1358 1811 plurimos

321 1821 326 1830 ⁸
406 1830 585 1894 redeuntes.
630 1833 681 1894 Tu
700 1828 831 1915 quidem
855 1828 923 1891 baec
945 1826 1059 1905 fecisti,
1073 1840 1105 1890 et
1129 1827 1231 1892 tacui:
1262 1831 1356 1892 immo

407 1945 444 1997 tu
471 1930 607 2005 tacuisti,
634 1945 666 1995 et
692 1955 752 2014 ego
781 1930 929 1994 conticui.
978 1927 1103 2012 Negare
1128 1951 1191 1992 uon
1218 1952 1357 2016 possum,

406 2036 485 2119 quin
500 2031 647 2116 pluribus
662 2032 900 2096 transeuntibus
911 2052 1039 2117 operam
1052 2029 1208 2108 dederim,
1219 2054 1355 2118 quorum

406 2131 586 2207 nonnullos,
608 2146 644 2196 ut
666 2132 725 2195 tibi
747 2133 780 2194 in
801 2153 877 2194 aure
898 2131 1024 2216 loquar,
1039 2153 1112 2194 cum
1132 2130 1251 2197 litteris
1266 2132 1307 2195 ad
1328 2146 1359 2197 te

406 2232 602 2320 perferendis
630 2232 783 2298 libentius
813 2233 1012 2310 dimisissem,
1037 2255 1134 2320 quam
1163 2256 1239 2298 cum
1266 2236 1359 2299 variis

407 2335 608 2420 portionibus
633 2335 837 2421 supellectilis
862 2358 953 2412 meae,
981 2359 1044 2422 qua
1073 2359 1124 2399 me
1154 2335 1358 2401 militantium

408 2438 538 2502 nudavit
562 2438 758 2525 improbitas.
803 2442 970 2502 Postremo
991 2441 1105 2524 genius
1127 2439 1218 2516 mihi,
1243 2455 1279 2506 ut
1305 2441 1360 2520 ais,

406 2540 512 2605 fuerat
528 2541 779 2620 defraudandus,
794 2555 826 2606 et
845 2541 1038 2606 somniorum
1062 2542 1244 2622 dulcedine,
1258 2558 1290 2608 et
1312 2567 1361 2607 so·

407 2645 627 2709 lemnitatibus
644 2645 821 2732 epularum.
868 2645 961 2709 Nosti
978 2645 1135 2731 siquidem
1159 2645 1236 2730 quia
1250 2644 1358 2732 volup·

408 2747 484 2812 tatis
506 2761 678 2813 amatorem
702 2747 781 2812 nihil
803 2747 891 2813 aliud
915 2747 1091 2834 impedivit.
1137 2747 1221 2811 Nam
1241 2747 1359 2813 domini

408 2850 468 2914 mei
481 2851 716 2938 amicorumque
727 2850 865 2935 negotia,
878 2851 933 2913 sed
948 2872 1005 2912 nec
1016 2872 1126 2912 curam
1139 2850 1185 2913 rei
1196 2847 1359 2914 familiaris

359 2942 362 2949 ¹
408 2954 555 3018 attendis.
588 2956 695 3031 Quum
710 2954 821 3040 itaque
835 2953 1045 3017 innocentiam
1062 2974 1177 3031 meam,
1192 2953 1361 3038 superbia»,

408 3054 621 3140 negligentias,
637 3069 668 3119 et
685 3055 860 3140 voluptatis
873 3068 948 3119 nota
963 3054 1127 3133 inusseris,
1144 3055 1212 3119 haee
1227 3058 1260 3120 in
1281 3055 1360 3141 epis-

408 3155 483 3233 tola,
499 3158 589 3241 quasi
606 3170 769 3220 conterens
784 3158 872 3221 velut
891 3158 1012 3221 varium
1036 3156 1201 3243 pulverem
1218 3157 1359 3243 pigmen-

409 3258 524 3320 tarium
541 3259 705 3335 miscuisti,
718 3272 749 3323 et
763 3260 840 3343 quia
855 3273 1002 3345 poterant
1018 3281 1213 3323 amarescere
1225 3260 1361 3343 singula,

407 3382 500 3423 aures
521 3360 598 3423 mihi
621 3373 694 3423 ante
716 3360 914 3448 dulciloquio
937 3361 1150 3449 perfricuisti;
1182 3385 1222 3425 ne
1245 3360 1361 3427 intelli·

407 3480 480 3543 gam
504 3458 582 3544 quid
599 3457 748 3544 loquaris,
794 3463 839 3525 Et
855 3461 995 3525 caritatis
1015 3462 1075 3525 hoc
1090 3463 1163 3544 igne
1177 3462 1361 3550 concoquis,

409 3578 446 3625 ut
470 3563 615 3626 universa
639 3563 807 3649 propinata
831 3564 1026 3630 dulcescant.
1074 3566 1147 3631 Fiat
1170 3589 1249 3651 ergo
1275 3565 1361 3653 quod

409 3663 465 3738 vis,
482 3663 560 3727 cedo
577 3666 700 3751 majori,
716 3680 748 3730 et
764 3665 871 3729 omnia
887 3666 966 3730 bene
981 3680 1013 3731 et
1029 3668 1127 3731 amice
1143 3667 1347 3755 interpretor.

496 3925 719 3989 EPISTOLA
744 3928 924 3992 LXl.-ao
940 3943 1057 3988 anona
1074 3942 1270 3989 aasmcorr.

654 4049 795 4113 Domino
809 4051 893 4132 Regi
909 4049 1098 4130 Anglorum.

454 4182 684 4246 Masasrrran
704 4182 824 4265 regiam
844 4182 1034 4266 excogitatis
1057 4182 1288 4247 circumvenire
1303 4181 1359 4246 lal-

409 4281 507 4360 laciis,
518 4283 670 4367 sacrilegii
680 4282 781 4347 instar
789 4298 848 4359 est,
861 4283 1034 4369 praesertim
1044 4284 1099 4347 ubi
1109 4285 1357 4371 indignationem

409 4383 574 4467 potestatis
589 4386 741 4450 advorsus
762 4386 970 4449 innocentiam
987 4398 1136 4471 procurat
1158 4387 1261 4463 dolus,
1277 4401 1309 4451 et
1328 4388 1358 4449 in
