3034 5500
427 751 470 810 20
688 763 826 807 scansus
841 758 1116 807 saansnaarausrs
1289 747 1333 828 [a
1350 765 1380 810 o.

588 1011 811 1076 EPISTOLA
835 1012 1053 1074 XVIIL—ao
1071 1030 1224 1074 ananau.

773 1170 921 1234 Adriano
936 1172 1044 1253 Papo.

470 1306 573 1382 Qonu
596 1304 677 1369 inter
695 1303 832 1390 priorem
856 1303 897 1367 de
914 1305 1132 1383 Pritelewella,
1149 1321 1181 1372 et
1204 1307 1382 1374 Robertum

428 1406 587 1494 quendam
605 1404 818 1470 controversia
831 1428 926 1492 super
940 1407 1070 1472 ecclesia
1085 1407 1125 1471 de
1137 1408 1384 1497 wacheringiis,

426 1509 565 1597 quadam
587 1508 772 1585 collusione,
790 1521 826 1573 ut
848 1509 1013 1574 decadem
1040 1510 1172 1575 eeclesia
1186 1512 1328 1577 Ricardo
1347 1514 1384 1579 de

425 1611 532 1677 Ambli
558 1610 778 1697 praejudicium
803 1609 904 1690 fieret,
927 1626 1115 1688 verteretur,
1138 1613 1270 1678 absente
1293 1639 1330 1679 eo
1353 1628 1382 1679 et

427 1737 488 1779 non
512 1715 621 1794 citato,
637 1710 794 1778 Ricardus
816 1711 857 1775 de
873 1712 993 1788 Ambli‚
1009 1713 1064 1798 qui
1085 1714 1230 1796 praefatos
1249 1717 1383 1781 ecclesiae

426 1813 531 1878 fuerat
560 1835 729 1897 possessor,
752 1834 809 1896 per
834 1812 976 1898 ejusdem
1005 1812 1119 1899 prioris
1143 1817 1383 1894 concessionem,

426 1912 672 1976 reclamantibus
686 1910 881 1995 quibusdam
904 1911 1025 1976 clericis
1048 1914 1191 1993 llicardi,
1207 1915 1324 1981 iterum
1340 1931 1383 1983 at·

426 2036 491 2099 que
501 2013 615 2077 iterum
628 2011 800 2075 absentiam
815 2013 895 2096 ejus,
905 2014 1180 2098 praetendentibus
1192 2030 1224 2083 et
1237 2043 1312 2083 eum
1324 2040 1382 2084 non

428 2114 559 2178 citatum
584 2111 821 2196 objicientibus,
841 2112 990 2177 dominus
1015 2117 1255 2199 Londoniensis,
1274 2121 1384 2186 nihilo·

427 2216 534 2278 minus
550 2237 608 2301 pro
622 2213 761 2278 Ricardo
776 2215 965 2281 sententiam
979 2217 1054 2282 tulit
1067 2219 1221 2286 adversus
1235 2225 1382 2309 priorem,

426 2316 480 2404 qui
500 2317 543 2380 sic
567 2316 648 2381 vinei
664 2317 829 2381 victoriam
855 2320 1025 2405 reputavit.
1071 2322 1199 2387 Deinde
1215 2349 1317 2410 quum
1339 2328 1383 2391 ia⁴

427 2417 602 2483 continenti
613 2415 1082 2504 laetaappellatione,aclericis
1093 2423 1383 2492 RicardideAmbli

427 2521 467 2585 ad
482 2533 620 2583 nostram
634 2520 848 2606 praesentiam,
860 2520 1008 2585 dominus
1021 2524 1252 2589 Londoniensis
1265 2542 1383 2593 senten·

427 2624 504 2689 tiam
515 2621 1383 2708 suam,missoquodamsacerdoteWillelmo,niteretur

428 2725 607 2792 executioni
639 2724 801 2800 mandare,
828 2722 932 2791 cleriei
960 2725 1091 2791 Ricardi
1116 2727 1295 2795 Robertum
1325 2753 1383 2796 noa

427 2830 636 2907 admiserunt,
648 2851 706 2893 nec
717 2828 868 2916 injuriose
880 2828 1076 2909 restiterunt,
1089 2830 1169 2895 sicut
1181 2833 1382 2917 postmodum

426 2934 570 2999 sacerdos
592 2934 754 2998 confessus
776 2945 835 3006 est,
859 2932 913 2997 sed
939 2932 1192 2995 adversariorum
1216 2958 1334 3002 manus
1354 2934 1382 2999 ri

428 3032 679 3097 moderatissima
690 3030 884 3114 repulerunt.
910 3030 1124 3101 Quamobrem
1138 3030 1290 3101 dominus
1304 3037 1383 3100 Lon.

426 3131 595 3218 doniensis,
625 3129 736 3192 audita
766 3128 965 3211 querimonia
996 3128 1141 3203 Roberti,
1172 3134 1261 3214 quod
1295 3137 1327 3201 in
1351 3160 1380 3201 se

427 3254 540 3295 manus
569 3229 722 3292 violentas
751 3225 856 3290 cleriei
887 3225 928 3289 de
957 3227 1074 3313 Ambly
1105 3229 1302 3315 injecissent,
1332 3262 1381 3304 eos

427 3330 632 3398 denunciavit
652 3328 962 3402 excommunicatos;
990 3332 1031 3396 G.
1047 3331 1165 3396 seilicet
1181 3341 1384 3421 sacerdotem,

427 3438 460 3501 S.
472 3440 510 3500 A.
520 3456 604 3520 quos
615 3431 686 3495 licet
696 3431 795 3516 hujus
804 3430 945 3495 criminis
956 3437 1058 3513 [reos]
1069 3435 1280 3517 crederemus,
1289 3466 1384 3531 saepe·

427 3560 560 3602 numero
583 3534 806 3599 mandavimus
822 3534 952 3598 domino
975 3536 1206 3602 Londoniensis
1226 3556 1385 3626 quatenus

427 3664 480 3704 eos
505 3663 562 3724 pro
584 3660 645 3701 non
665 3637 945 3703 excommunicatis
967 3638 1109 3719 haberet,
1128 3656 1163 3705 ut
1185 3643 1319 3711 fuerunt
1335 3648 1385 3713 dia

427 3741 649 3831 appellationis
672 3741 712 3804 ad
729 3764 786 3804 nos
807 3741 912 3816 factae,
928 3756 983 3805 aut
1005 3743 1116 3807 saltem
1133 3760 1264 3831 accepto
1286 3771 1384 3813 sacra-

427 3858 535 3911 mento
556 3844 597 3907 ab
620 3842 665 3907 eis
680 3842 769 3929 quod
788 3841 855 3929 juri
880 3858 1038 3927 parerent,
1054 3844 1243 3909 absolveret.
1290 3847 1384 3925 Quod

427 3969 527 4034 quum
554 3946 657 4009 facere
684 3943 871 4023 distulisset,
894 3945 935 4008 ab
958 3946 1002 4009 eis
1030 3961 1274 4030 sacramentum,
1297 3950 1384 4035 quod

421 4049 547 4136 judicio
562 4048 772 4112 ecclesiastico
787 4062 945 4134 parerent,
959 4050 1151 4135 accepimus,
1164 4051 1216 4115 die
1231 4054 1291 4118 sibi
1304 4078 1384 4141 pra·

427 4152 528 4231 finito,
544 4150 731 4214 adversariis
741 4148 774 4212 in
787 4150 976 4235 probatione
987 4152 1218 4230 deficientibus,
1231 4169 1263 4221 et
1276 4157 1383 4222 andita

428 4278 553 4321 reorum
570 4252 770 4340 purgatione,
785 4251 825 4315 ab
842 4253 971 4339 objecto
993 4255 1052 4320 sibi
1068 4256 1199 4321 crimine
1214 4282 1268 4323 eoa
1283 4256 1381 4325 absol·

428 4383 541 4426 vimus.
