3034 5500
275 749 478 830 use-ot]
668 767 846 815 aersronm.
1196 760 1232 819 91

276 921 440 1007 sed,qund
455 934 615 1006 pastorem
628 919 730 998 decet,
742 943 886 1008 quaerere
902 921 1035 987 salutem
1048 922 1237 990 animarum.

278 1025 367 1089 Nocti
391 1022 556 1110 siquidem
579 1022 668 1109 quod
687 1038 718 1086 et
738 1023 836 1089 seculi
858 1029 945 1109 leges
965 1047 1019 1090 eos
1037 1028 1238 1093 acerbissime

278 1124 428 1214 puniunt,
438 1127 511 1212 lege
527 1126 551 1188 J
555 1124 620 1189 ulia
633 1126 897 1212 repetundarum,
909 1128 964 1214 qui
980 1128 1013 1191 in
1029 1129 1183 1196 faciendis
1197 1153 1238 1196 ex

278 1230 389 1308 officio,
407 1229 458 1292 vel
476 1250 539 1292 non
555 1227 719 1305 faciendis,
734 1229 898 1294 sordidum
923 1244 1086 1296 sectantur
1101 1233 1239 1297 lucrum.

281 1333 341 1398 Sed
356 1348 391 1398 et
404 1354 544 1396 canones
566 1330 706 1416 praelatis
721 1332 871 1398 omnibus
892 1331 1012 1397 ordinis
1032 1350 1064 1398 et
1079 1333 1174 1399 officii
1188 1336 1239 1400 sui

280 1432 456 1518 periculum
470 1429 633 1515 infligunt,
646 1432 703 1518 qni
714 1431 922 1497 interdictum
938 1433 1090 1519 subjectis
1100 1435 1239 1502 officium

280 1535 382 1620 pretio
397 1546 531 1620 accepto
550 1547 608 1597 sut
629 1534 785 1618 promisso
804 1535 990 1601 restituunt.
1036 1538 1127 1621 Ergo
1147 1552 1183 1604 nt
1202 1539 1237 1603 in

282 1653 338 1702 tua
352 1636 525 1701 sedulitate
539 1635 738 1720 glorificetur
754 1640 854 1715 Deus,
869 1651 901 1700 et
921 1650 1014 1702 tuum
1031 1638 1238 1704 ministerium

283 1740 467 1818 honoretur,
479 1753 597 1803 excute
609 1760 722 1803 manus
734 1753 807 1804 tuas
821 1762 841 1802 a
856 1739 1004 1804 sordibus
1018 1755 1051 1803 et
1065 1739 1241 1821 calumniis,

286 1864 325 1905 ne
346 1839 481 1907 officium
499 1840 632 1925 judicis,
654 1840 738 1924 quod
764 1841 862 1905 tibia
878 1841 1017 1906 Domino
1037 1842 1239 1908 commissum

288 1955 349 2019 est,
365 1941 586 2028 negotiationis
601 1944 722 2029 species
739 1942 894 2008 videatur.

295 2277 536 2342 EPISTOLA
560 2276 788 2342 [ΜΚ-111
803 2297 989 2344 nrrscoeuu
1004 2299 1231 2345 sennensem.

599 2413 739 2477 Domino
756 2415 926 2480 cestrensi.

328 2550 408 2625 Qua
428 2546 636 2633 perniciosius
659 2545 793 2626 laedunt,
816 2561 846 2611 ct
866 2548 1028 2613 ecclesiam
1049 2551 1241 2617 immundio-
1318 2585 1321 2594 ·

287 2651 376 2714 ribus
394 2647 546 2712 sordibus
561 2646 723 2734 polluunt,
739 2671 779 2710 ex
794 2648 896 2713 officio
915 2651 1065 2735 pastorali
1088 2652 1242 2717 debemus

287 2754 391 2818 accim
403 2751 563 2838 persequi,
574 2764 606 2815 et
616 2775 636 2814 a
647 2751 743 2814 domo
757 2750 888 2815 Domini
898 2753 1035 2817 validius
1047 2753 1243 2839 propulsare.

287 2857 322 2922 Si
353 2854 484 2942 quidem
516 2870 548 2917 et
579 2876 635 2917 nos
664 2877 704 2916 ex
735 2874 890 2917 consensu
916 2853 1010 2938 culpa
1040 2853 1243 2919 subditorum

288 2959 434 3034 involvit,
450 2969 483 3021 et
497 2980 567 3020 reos
582 2956 740 3020 convincit
761 2968 835 3017 ante
857 2956 1043 3034 Dominum,
1059 2954 1118 3020 nisi
1133 2977 1241 3021 eorum

287 3060 415 3137 delicta,
430 3081 532 3145 quum
550 3058 702 3134 valemus,
718 3054 934 3122 studuerimus
948 3055 1125 3120 emendare.
1171 3056 1243 3121 Me·

287 3145 439 3227 minimus
453 3176 561 3226 autem
578 3184 633 3224 vos
647 3183 705 3247 per
721 3159 864 3223 Alanum
880 3159 921 3223 de
941 3157 1072 3237 Wilnai,
1086 3157 1243 3226 archidia-

287 3263 375 3328 conis
390 3277 421 3328 et
437 3264 579 3339 decanis,
594 3272 627 3326 et
641 3260 830 3325 officialibus
846 3260 1090 3327 Conventrensis
1104 3262 1244 3329 eccleaiae

288 3366 408 3452 scripta
435 3378 544 3430 nostra
573 3364 694 3429 misisse
723 3363 765 3428 sd
794 3363 1031 3428 convellendam
1063 3364 1242 3450 pestiferam

288 3467 426 3532 radicem
458 3466 644 3532 Simoniacae
680 3466 862 3551 pravitatis,
893 3489 966 3551 quae
996 3469 1028 3529 in
1057 3466 1244 3553 episcopatu

290 3571 482 3636 Cicestrensi
496 3569 536 3634 de
556 3592 640 3633 novo
654 3567 774 3632 dicitur
793 3568 980 3653 germinare.
1027 3571 1108 3632 Nam
1126 3571 1247 3650 vicarii,

290 3687 325 3738 ut
349 3674 382 3737 in
421 3671 560 3736 ecclesiis
597 3670 822 3749 admittantur,
860 3666 977 3754 singuli
1015 3690 1067 3732 xu
1101 3671 1248 3736 denarios

290 3790 450 3861 coguntur
471 3772 646 3848 exsoluere,
662 3784 695 3836 et
716 3773 798 3836 hanc
819 3771 986 3857 redempta
1008 3772 1247 3859 quodammodo

291 3876 432 3941 Domino
448 3873 664 3939 sanctificandi
680 3873 817 3950 licentia,
828 3894 964 3934 annuam
977 3873 1130 3937 ministris
1141 3873 1249 3959 potius

292 3977 442 4043 Satlranae
472 3998 567 4063 quam
599 3972 750 4047 ecclesiae,
778 3972 898 4036 solvere
927 3975 1118 4058 pensionem.
1177 3977 1248 4039 Hoc

290 4095 398 4145 autem
427 4078 566 4165 amplius
595 4075 662 4141 fieri
692 4076 753 4139 sub
782 4076 984 4139 anathemate
1013 4075 1248 4161 prohibuimus,

292 4184 455 4249 tradentes
478 4180 627 4245 Sathanae
651 4176 787 4264 principi
811 4200 869 4240 suo
884 4200 948 4252 eos,
965 4179 1021 4262 qui
1044 4176 1125 4240 hanc
1148 4178 1250 4240 Simo·

291 4284 413 4347 uincam
431 4280 619 4367 pravitatem
639 4278 773 4343 ulterius
788 4277 993 4341 exercebunt.
1036 4275 1250 4358 Praecepimus

293 4383 535 4451 archidiaconos
551 4396 581 4445 et
606 4382 767 4444 ministros
787 4400 896 4441 eorum
921 4376 1061 4461 antiquis
1082 4387 1250 4438 consuctu-
