3034 5500
284 740 345 800 190
545 749 680 794 Jorsurs
697 747 975 792 sancsunureusrs
1142 734 1184 809 [ι.
1201 753 1225 795 ιι.

279 907 351 969 boni
365 925 438 968 esre.
485 905 607 984 Regem
629 913 775 966 nostrum
796 899 912 963 Franci
935 901 1050 964 timent
1070 904 1184 986 pariter
1201 919 1227 966 et

277 1006 424 1080 oderunt,
437 1004 494 1068 sed
505 1016 610 1068 tamen
621 1002 711 1085 quod
723 1002 765 1065 ad
782 1002 866 1076 illos,
878 1002 989 1085 quieto
1001 1017 1034 1066 et
1049 1003 1114 1066 alto
1127 1025 1227 1067 somno

278 1107 416 1171 dormire
430 1116 549 1190 potest.

319 1210 364 1272 Et
385 1209 461 1292 quia
482 1209 677 1270 Remensem
698 1205 786 1268 adire
810 1227 874 1268 non
898 1205 1004 1288 potui,
1019 1206 1129 1270 literas
1149 1229 1227 1271 mers

277 1309 318 1373 ad
344 1312 494 1374 abbatem
509 1308 542 1371 S.
558 1308 697 1389 Remigii
718 1307 948 1370 amicissimum
967 1307 1049 1369 mihi
1071 1308 1185 1383 direxi,
1200 1325 1229 1372 ut

276 1413 309 1474 in
334 1412 396 1475 bac
421 1422 511 1494 parte
535 1409 682 1492 suppleat
707 1409 794 1471 vices
820 1429 918 1471 meas.
960 1409 1125 1474 Caeterum
1155 1412 1225 1474 mihi

278 1513 403 1576 videtur
428 1533 498 1575 esse
524 1510 704 1587 consilium,
728 1521 763 1573 ut
790 1531 846 1591 per
871 1511 1013 1593 aliquem
1040 1512 1227 1575 monachum

278 1615 437 1691 Boxleire,
448 1615 584 1677 aliumve
601 1612 753 1675 nuncium
766 1611 895 1675 fidelem
904 1613 1015 1676 literas
1027 1628 1148 1676 vestras
1162 1636 1228 1677 curn

279 1719 387 1802 aliquo
402 1716 592 1779 munusculo
606 1713 826 1777 transmittatis
847 1715 889 1778 ad
912 1714 1081 1779 dominum
1098 1716 1230 1779 Remen-

280 1841 359 1895 sem,
371 1819 628 1900 contrahatisque
644 1837 717 1878 cum
732 1837 772 1878 eo
783 1816 1049 1880 familiaritatem:
1074 1819 1159 1890 Quia
1172 1818 1230 1894 ille,

279 1921 425 2004 quisquis
439 1921 482 1982 sit
495 1919 528 1980 iu
546 1939 692 2001 persona,
704 1939 839 2000 magnus
854 1930 903 1981 est
917 1920 950 1981 in
966 1941 1066 2001 regno
1079 1919 1229 1992 Francia,

280 2024 360 2085 etin
380 2022 517 2085 ecclesia
532 2021 680 2084 Romana
702 2022 835 2084 multum
857 2032 973 2104 potest,
989 2034 1058 2085 tum
1076 2043 1136 2105 pro
1155 2043 1231 2103 rege,

279 2134 345 2187 tum
362 2144 420 2205 pro
432 2122 604 2185 eminentia
614 2122 763 2185 ecclesiae
775 2143 851 2186 suae.
878 2123 928 2186 Ad
938 2125 1110 2187 ecclesiam
1122 2125 1229 2187 Roma-

279 2247 353 2289 nam
373 2223 516 2288 nondum
535 2222 698 2302 adscendi,
720 2223 900 2301 declinans,
920 2241 1076 2308 quantum
1097 2248 1231 2310 possum,

279 2352 320 2394 ne
335 2328 477 2412 suspicio
500 2327 675 2411 probabilis
691 2340 804 2392 contra
818 2351 870 2392 me
888 2329 1021 2414 concipi
1036 2329 1162 2394 debeat.
1190 2331 1229 2392 Et

279 2434 342 2497 hoc
357 2434 474 2515 ipsum,
486 2431 569 2494 sicut
584 2452 625 2493 ex
638 2431 739 2495 literis
756 2431 877 2495 domini
890 2433 1104 2497 Pictariensis
1116 2434 1231 2517 accepi,

271 2515 412 2598 'domino
426 2554 521 2616 papae
536 2544 569 2594 et
584 2532 679 2595 curiae
695 2534 774 2596 satis
788 2534 935 2597 innotuit
962 2535 1117 2617 Receptis
1131 2547 1229 2599 autem

280 2636 378 2698 literis
396 2630 517 2709 restris,
533 2629 621 2696 illico
641 2633 755 2714 scripsi
775 2633 905 2698 domino
929 2635 1087 2707 Henrico‚
1105 2647 1137 2699 et
1157 2634 1230 2696 Wil-

279 2737 375 2801 lelmo
390 2736 554 2819 Papiensi,
569 2747 600 2797 et
614 2735 691 2798 satis
712 2734 896 2817 explanavi,
913 2735 945 2798 in
964 2748 1117 2822 quantam
1133 2737 1231 2821 perni-

281 2841 363 2903 ciem
387 2839 534 2903 ecclesiae
560 2838 715 2901 Romanae
742 2836 874 2901 tendant
896 2838 979 2914 hec,
1002 2840 1029 2901 si
1051 2858 1229 2923 processum

282 2940 460 3018 habuerint,
490 2962 561 3024 quse
590 2949 704 3002 contra
733 2959 789 3000 vos
819 2950 1066 3021 praesumuntur.
1118 2940 1230 3003 Distuli

282 3057 387 3108 autem
405 3044 481 3106 illuc
496 3044 549 3119 ire,
563 3041 639 3123 quia
653 3039 693 3104 de
708 3041 843 3103 transitu
855 3041 981 3105 abbatis
997 3042 1101 3106 sancti
1113 3044 1231 3122 Augus-

280 3146 352 3220 tini,
374 3156 429 3208 aut
443 3144 586 3228 episcopi
604 3142 810 3206 Lexoriensis
823 3142 905 3206 nihil
926 3154 1049 3207 certum
1061 3154 1142 3207 eretz
1164 3144 1231 3206 etsi

281 3246 322 3309 ad
337 3248 455 3309 curiam
476 3248 628 3323 venerint,
643 3247 738 3309 nobis
758 3267 815 3329 per
830 3247 1021 3327 Magistrum
1046 3248 1230 3324 Henricum,

281 3349 337 3432 qui
352 3347 396 3410 ibi
413 3360 560 3425 moratur,
576 3346 641 3410 cito
656 3348 773 3431 poterit
788 3348 997 3411 innotescere.

324 3452 442 3513 Verum
469 3451 546 3534 quid
572 3453 617 3514 ibi
638 3463 717 3515 tunc
743 3452 914 3535 possimus,
938 3473 1002 3514 non
1025 3454 1111 3515 clare
1132 3451 1227 3515 rideo.

282 3553 402 3617 Contra
427 3574 484 3614 vos
510 3552 595 3615 enirn
627 3553 749 3616 saciuut
778 3554 887 3627 multa,
913 3573 1018 3634 pauca
1048 3574 1105 3635 pro
1135 3552 1228 3613 robis

280 3655 420 3717 Venient
434 3654 519 3716 enim
532 3654 640 3733 magni
656 3653 725 3724 riri,
736 3648 850 3716 divites
865 3654 898 3716 in
911 3653 1066 3715 effusione
1078 3647 1229 3735 pecunia,

282 3778 377 3841 quarn
407 3777 571 3839 nunquam
604 3756 705 3818 Roma
734 3756 947 3838 contempsit:
983 3767 1140 3838 eruntque
1168 3775 1228 3817 non

281 3858 379 3922 modo
404 3880 471 3935 sua,
498 3858 555 3921 sed
584 3858 705 3921 domini
731 3858 827 3938 regis,
852 3878 946 3939 quem
974 3858 1061 3919 curia
1089 3858 1122 3919 in
1147 3856 1228 3918 nullo

283 3961 414 4022 audebit
433 3960 605 4037 offendere,
624 3960 811 4023 auctoritate
836 3960 913 4021 freti.
953 3958 1004 4021 Ad
1028 3959 1098 4022 haec
1122 3957 1226 4021 muniti

282 4072 373 4124 erunt
389 4058 564 4143 privilegiis
579 4062 724 4125 ecclesiae
740 4062 908 4138 Romanor,
919 4083 991 4144 qum
1006 4062 1038 4123 in
1051 4057 1226 4145 hujusmodi

280 4162 386 4224 causis
400 4183 562 4246 nunquam
579 4164 770 4247 cuicumque
786 4164 942 4245 episcopo
954 4160 1070 4224 detulit
1085 4174 1140 4224 aut
1150 4180 1224 4223 raro·

281 4266 438 4328 Dominus
455 4287 537 4348 papa
558 4266 590 4327 in
607 4286 703 4327 causa
723 4265 783 4328 hac
799 4261 893 4328 uobis
909 4285 1038 4347 semper
1059 4275 1107 4326 est
1122 4261 1224 4325 adrer-

281 4380 380 4448 satus,
395 4381 425 4429 ct
445 4367 550 4429 adhuc
574 4388 639 4429 non
660 4378 767 4429 cessat
786 4365 1028 4449 reprehendere,
1049 4363 1134 4448 quod
1156 4362 1224 4425 fecit
