3034 5500
280 748 453 827 tuo-8]
664 767 842 813 arrsrotra.
1142 709 1146 716 Ι
1196 765 1233 823 13

275 939 342 980 rens
357 915 526 980 ecclesiam
544 938 631 979 suant
656 940 733 996 esse,
750 934 780 983 et
803 942 835 982 se
854 943 1018 1006 personam
1034 925 1104 1010 ejus
1119 950 1138 990 a
1153 939 1231 991 tem-

275 1041 348 1104 pore
368 1017 523 1082 Mauricii
547 1017 637 1081 bonae
658 1021 819 1085 memoriae
839 1023 1070 1090 Londonieusis
1091 1027 1231 1115 episcopi

274 1122 430 1197 extitisse,
443 1134 476 1185 et
492 1143 525 1183 se
542 1119 600 1184 boc
616 1135 759 1208 tempore
777 1124 915 1190 Gilberti
931 1126 994 1213 piae
1007 1129 1233 1194 recordationis

274 1224 415 1311 episcopi
433 1222 540 1287 Lond.
562 1221 777 1308 legitimorum
800 1228 972 1293 assertione
996 1230 1125 1295 testium
1141 1255 1235 1295 cano-

276 1328 343 1391 nice
378 1326 615 1410 comprobasse,
644 1326 752 1411 plures
791 1329 970 1414 producens
1007 1346 1115 1410 testes,
1152 1357 1233 1419 quos

276 1430 378 1493 eidem
401 1428 529 1514 judicio
559 1426 739 1492 interfuisse
770 1430 906 1496 dicebat.
951 1435 1060 1512 Quum
1090 1459 1166 1521 ergo
1192 1459 1232 1498 ex

277 1531 428 1595 mandato
452 1543 561 1593 nostro
585 1542 681 1593 testes
701 1536 934 1598 examinassent
958 1537 1153 1600 venerabiies
1172 1537 1236 1600 fra-

277 1647 342 1698 tres
350 1632 463 1708 nostri,
475 1629 634 1715 Bogerius
647 1629 855 1696 Eboracensis
866 1632 1133 1721 archiepiscopus,
1145 1635 1236 1699 Hila-

277 1736 344 1799 rius
368 1731 575 1797 Cicestrensis
602 1731 764 1796 Robertus
787 1733 1015 1798 Lincolniensis
1036 1735 1187 1821 episcopi,
1202 1749 1235 1800 et

279 1837 332 1900 alii
359 1833 534 1922 prudentes
562 1834 633 1910 viri,
661 1834 780 1921 quibus
806 1834 1056 1922 injunxeramus,
1083 1859 1137 1900 eos
1162 1860 1235 1901 con-

281 1937 394 2002 cordes
418 1937 450 1999 in
477 1936 625 2000 omnibus
648 1934 853 2018 invenissent,
875 1951 908 2003 et
931 1960 988 2002 nos
1009 1938 1121 2002 audito
1148 1940 1235 2004 testi·

281 2040 388 2103 monio
413 2061 541 2102 causam
568 2037 631 2101 fine
658 2038 767 2103 debito
788 2040 957 2103 terminare
983 2039 1234 2126 disponeremus,

281 2141 445 2206 Ernaidus
461 2140 649 2204 sententiam
667 2154 805 2205 nostram
820 2141 1009 2227 interposita
1023 2142 1236 2229 appellatione

281 2243 450 2330 praevenit,
476 2241 561 2305 diem
589 2242 758 2327 praefigens
788 2244 1004 2319 Dominicam,
1036 2266 1101 2328 qua
1129 2258 1236 2308 canta-

281 2347 381 2421 bitur,
408 2347 514 2413 Quasi
540 2346 632 2408 modo
656 2349 773 2428 peniti.
818 2349 887 2409 Nos
917 2367 995 2429 ergo
1027 2358 1061 2409 ut
1091 2345 1235 2429 oportuit

282 2446 441 2533 majestati
456 2444 639 2529 apostolica,
656 2445 844 2521 deferentes,
861 2468 988 2510 causam
1006 2445 1241 2511 terminandam¹

283 2548 444 2614 sanctitati
462 2559 578 2611 vestrae
594 2547 749 2631 integram
768 2548 1007 2612 reservavimus.

470 2897 692 2961 EPISTOLA
716 2895 887 2959 XIL—au
903 2911 1056 2957 ananan.

636 3029 785 3092 Adriano
797 3050 904 3109 pape.

330 3177 442 3238 larun
478 3165 650 3230 Ricardum
681 3163 830 3227 clericum
863 3176 894 3227 et
925 3161 1008 3227 Rad.
1036 3163 1242 3242 Mansellnm,

286 3297 382 3360 super
413 3270 546 3336 ecclesia
576 3267 616 3331 de
647 3265 848 3330 Presteberia
876 3266 1091 3330 controversia
1118 3266 1243 3331 diutius

286 3378 408 3461 agitata
438 3386 497 3437 est.
543 3371 651 3447 Quum
682 3390 757 3430 vero
789 3366 978 3432 venerabilis
1008 3366 1108 3432 frater
1137 3381 1244 3432 noster

289 3478 456 3542 Walterus
477 3470 723 3537 Conventrensis
744 3469 912 3555 episcopus
933 3482 1005 3555 post
1028 3469 1146 3534 multas
1166 3473 1244 3534 cita-

288 3582 388 3646 tiones
404 3600 473 3643 eam
499 3574 627 3640 taudem
651 3570 759 3635 debito
779 3570 842 3633 fine
861 3570 1029 3634 terminare
1044 3570 1241 3657 disponeret:

292 3681 463 3754 Ricardus,
490 3689 602 3761 utpote
633 3673 689 3759 qui
721 3672 887 3757 praefatam
913 3671 1077 3735 ecclesiam
1099 3672 1169 3748 sibi,
1193 3687 1245 3736 ut-

289 3800 363 3870 pote
380 3781 536 3846 violenter
551 3791 583 3840 et
600 3777 666 3838 sine
677 3774 803 3859 judicio
823 3774 1011 3844 destitutus,
1028 3774 1155 3837 restitui
1171 3795 1244 3858 pos·

290 3885 426 3958 tutabat,
444 3880 649 3966 probationes
664 3877 786 3963 quibus
802 3897 833 3937 se
849 3888 961 3938 contra
979 3872 1064 3936 Rad.
1079 3873 1244 3938 abundare

289 3988 427 4064 dicebat,
443 3986 475 4047 in
493 3980 614 4067 synodo
631 3976 791 4042 Cestrensi
806 3974 1011 4060 abepiscopo
1026 3988 1147 4040 exactae
1159 3992 1244 4041 sunt.

294 4087 448 4154 Producti
476 4097 550 4148 sunt
577 4084 688 4166 itaque
720 4092 839 4163 septem
868 4092 975 4153 testes,
1002 4077 1069 4163 qui,
1096 4079 1178 4141 sicut
1205 4102 1244 4142 ex

290 4190 474 4257 testimonio
493 4186 632 4273 episcopi
656 4182 782 4268 praefati
805 4181 996 4265 accepimus,
1023 4178 1195 4243 Ricardum
1211 4180 1243 4243 in

250 4292 252 4296 ⁷
289 4294 430 4381 praefata
449 4287 580 4353 ecclesia
599 4286 748 4349 canonice
770 4283 967 4358 institutum,
983 4294 1014 4345 et
1038 4281 1103 4343 sine
1120 4281 1245 4364 judicio

288 4401 430 4486 ejectum
451 4387 665 4478 jurejurando
692 4386 910 4449 firmaverunt.
957 4380 1247 4447 Intervenientibus
