3034 5500
274 765 337 827 eet
535 770 674 818 rosnurs
691 767 969 819 messamusrs
1138 750 1183 833 [s.
1198 769 1224 814 u

280 941 352 1012 post
381 926 565 993 diuturnam
594 935 627 988 et
656 923 801 989 odiosam
832 921 911 987 mihi
942 943 1067 987 moram
1098 923 1227 989 cariutis

278 1042 385 1093 restrae
416 1026 571 1091 sedulitas
600 1024 643 1088 sd
667 1024 911 1088 instructionem
938 1045 1046 1087 meam
1070 1024 1225 1107 compegit

279 1131 396 1205 omnia,
410 1151 482 1213 quae
498 1148 540 1192 ex
559 1127 713 1210 opinione
731 1136 836 1190 vestra
850 1127 943 1189 robis
958 1127 1076 1190 obesse
1090 1140 1231 1210 poterunt

281 1233 330 1295 vel
345 1228 508 1314 prodesse.
552 1229 597 1291 Et
611 1228 690 1290 licet
710 1227 858 1310 quaedem
875 1248 984 1294 sonim
999 1247 1059 1310 per
1073 1229 1155 1292 alios
1168 1243 1234 1291 sote

284 1330 497 1414 cognoverim,
526 1328 633 1394 nullus
664 1340 772 1391 tamen
801 1327 849 1390 sic
883 1326 1060 1409 speciatim
1097 1327 1236 1393 universe

285 1434 420 1516 peregit,
449 1443 484 1495 et
519 1428 654 1512 singula
708 1429 851 1493 Fuerunt
886 1441 996 1499 autem
1026 1431 1139 1495 omnis
1171 1452 1237 1494 rers

287 1534 435 1612 audistis,
447 1534 526 1597 licet
540 1531 676 1616 plurima
691 1531 771 1593 salsa
786 1552 855 1593 esse
871 1551 936 1593 nou
948 1533 1127 1612 ambigam
1157 1531 1236 1605 Quid

290 1635 378 1701 aliud
408 1639 476 1700 sine
506 1633 619 1698 salutis
648 1629 821 1714 dispendio
849 1631 953 1694 lacere
978 1653 1126 1715 possum,
1150 1655 1237 1717 quam

289 1738 377 1822 quod
397 1759 440 1801 ex
465 1735 645 1801 testimonio
671 1732 879 1796 couscientia
901 1735 1082 1815 praescribit
1107 1736 1239 1812 ratio,et

292 1837 366 1920 ipsa
401 1836 500 1901 officii
538 1835 601 1897 mei
644 1832 822 1896 necessitas
861 1831 1031 1897 inexorata
1073 1834 1240 1917 compellit

295 1936 414 2001 Nonne
433 1956 531 2020 quum
558 1933 600 1996 ad
626 1930 748 1997 domini
771 1931 855 2011 regis
884 1931 1006 1999 curiam
1030 1934 1244 2010 accessissem,

292 2039 325 2099 in
353 2039 441 2099 omni
465 2035 644 2098 humilitate
675 2033 814 2098 offerens
842 2053 1081 2117 quamcrunque
1107 2035 1242 2101 samier-

292 2137 423 2210 tionem,
447 2137 520 2219 jura
550 2134 779 2218 permitterent,
808 2135 857 2199 sel
889 2135 1040 2199 voluutas
1077 2156 1137 2199 sua
1172 2135 1243 2198 mibi

292 2237 459 2312 indiceret,
474 2236 640 2297 honestate
657 2233 824 2310 incolumi,
838 2236 991 2299 exclusus
1013 2258 1085 2299 sum
1107 2259 1128 2300 a
1149 2237 1244 2301 forms

292 2338 395 2422 pacis,
424 2357 497 2419 quae
527 2347 603 2397 tuuc
634 2334 789 2419 magistro
820 2336 972 2420 Philippo
1002 2339 1114 2402 oblata
1143 2350 1245 2405 estet

293 2439 388 2502 allata
400 2435 411 2498 l
437 2434 601 2509 Quidnam
617 2449 685 2498 erat
699 2437 834 2501 ulterius
848 2438 1030 2505 laciendum
1044 2437 1056 2501 ἓ
1082 2439 1245 2527 Numquid

292 2540 513 2626 possessiones
541 2534 621 2602 mini
650 2560 708 2622 pro
744 2541 816 2623 lege
854 2541 986 2604 Domini
1023 2543 1182 2611 violenter
1215 2557 1245 2609 et

295 2641 466 2708 crudeliter
496 2639 640 2705 ablataei
680 2639 768 2724 quod
799 2662 909 2706 secure
946 2654 1108 2723 protestor
1143 2665 1245 2709 coram

296 2745 440 2818 Domino
469 2743 537 2826 qui,
566 2743 644 2806 velit
677 2741 761 2806 nolit
793 2742 943 2819 mundus,
964 2742 1172 2829 judicaturus
1203 2760 1246 2812 est

297 2869 426 2912 causam
441 2847 617 2924 istam,tnur
633 2845 718 2934 turpi
732 2856 822 2908 erant
836 2846 1029 2909 commercio
1045 2848 1246 2929 redimendo,

297 2961 333 3014 ut
349 2950 487 3033 jurarem
503 2970 554 3011 me
569 2948 808 3016 observaturum
827 2945 1078 3013 consuetudines
1097 2973 1179 3038 quas
1196 2954 1246 3017 lex

298 3053 431 3115 Domini
457 3047 662 3123 condemnat,
686 3058 719 3111 et
747 3070 875 3113 omnem
905 3049 1154 3138 archiepiscopo
1183 3074 1251 3122 mco

298 3151 513 3216 obedientiam
543 3147 747 3233 abjurarem?
785 3148 922 3212 Possent
950 3148 1022 3213 haec
1053 3152 1097 3215 ad
1125 3155 1248 3218 subret-

298 3254 422 3315 sionem
452 3250 526 3315 fidei
553 3272 633 3316 mese
659 3251 815 3328 sufficere,
839 3248 895 3313 sed
910 3262 1015 3314 tamen
1031 3254 1166 3319 ulterius
1179 3277 1248 3339 pro·

299 3374 426 3415 cessum
442 3365 489 3415 est
503 3353 535 3414 in
553 3375 603 3428 ea,
619 3373 693 3437 quae
709 3352 803 3415 otiam
822 3352 863 3414 ab
882 3349 1071 3417 advorsariis
1086 3355 1249 3421 honestius

299 3464 405 3515 esseut
427 3454 522 3515 tacita
544 3474 639 3537 quam
663 3475 823 3538 expressa.
870 3454 944 3516 Non
968 3456 1081 3539 utique
1097 3456 1130 3519 in
1145 3478 1248 3537 regem

297 3554 360 3617 ista
380 3550 525 3629 refundo,
540 3553 597 3616 sed
619 3555 654 3620 iu
676 3555 806 3642 eosqui
826 3576 861 3619 se
880 3554 1025 3628 animum
1042 3556 1114 3643 ejus
1128 3558 1250 3643 plonius

298 3674 394 3716 nosse
416 3651 577 3729 dicebant,
600 3669 765 3740 erantque,
786 3668 822 3719 ut
840 3655 1048 3739 jactitabant,
1068 3658 1251 3744 interpretes

298 3753 471 3818 voluntatis
495 3750 573 3835 ejus.
620 3755 695 3837 Ipse
722 3757 807 3819 enim
830 3777 881 3817 me
908 3757 1059 3821 audiente
1082 3781 1148 3822 non
1171 3759 1252 3824 dixit

299 3855 386 3940 quod
407 3866 461 3919 aut
480 3875 595 3927 meam,
616 3867 672 3920 aut
694 3857 796 3941 ipsius
819 3856 974 3922 dedeceat
994 3859 1206 3941 honestatem,
1218 3862 1249 3925 in

298 3976 402 4039 eoque
418 3955 484 4019 solo
499 3954 604 4037 ipsum
618 3977 751 4046 possum
764 3979 904 4040 arguere,
914 3960 1002 4042 quod
1012 3983 1114 4045 quum
1124 3984 1250 4049 respon·

300 4080 372 4124 sum
387 4056 574 4140 flagitarem,
590 4056 630 4122 de
647 4057 818 4142 dispendio
839 4080 941 4124 rerum
956 4074 989 4126 et
1006 4065 1162 4148 temporis
1178 4087 1252 4131 con·

299 4179 446 4247 querens,
469 4158 515 4219 sic
544 4156 755 4242 detorquebat
781 4160 922 4242 verbum,
944 4175 981 4227 ut
1006 4174 1074 4232 tam
1099 4168 1252 4252 majestati

297 4274 331 4330 rt
345 4260 504 4334 honestati
526 4281 592 4334 sose
614 4282 709 4346 quam
726 4283 805 4332 utem
828 4266 1012 4334 necessitati
1033 4280 1123 4333 esset
1141 4291 1251 4356 usqua·

299 4387 427 4453 quaque
457 4363 579 4450 inutile.
632 4362 744 4428 Sciens
774 4385 851 4449 ergo
881 4380 913 4431 et
943 4367 1097 4450 prudens,
1121 4393 1180 4456 pro
1208 4371 1253 4436 iu·
