3034 5500
403 740 463 799 ris
652 755 787 801 rosssrs
803 755 1083 800 sinssssnrsusrs
1258 734 1302 817 [a
1320 752 1348 797 n

638 909 699 958 Jam
712 905 818 957 mellitis
830 906 928 976 potiore
941 904 1075 975 placentis,

541 993 630 1060 thue
642 991 783 1043 sacerdotis
795 989 921 1057 fugitivus
932 989 987 1041 liba
1000 995 1109 1041 recusat

400 1101 480 1175 Quis
494 1101 576 1164 enirn
593 1102 624 1164 in
641 1113 728 1165 tanta
749 1123 869 1186 panum
890 1101 1088 1165 abundantia
1103 1123 1167 1163 non
1184 1100 1351 1180 reficiatur,

401 1226 498 1288 quum
525 1226 616 1267 nemo
641 1226 750 1289 regum
783 1203 983 1267 delicatiores
1007 1203 1039 1266 in
1066 1191 1176 1266 mensa
1202 1225 1261 1265 sua
1284 1225 1352 1266 con-

401 1305 559 1390 spexerit?
595 1307 668 1393 quis
697 1307 805 1391 plures
836 1329 988 1391 umquam
1018 1303 1237 1370 delicatissimi
1265 1304 1351 1389 panis

400 1409 556 1492 congessit
583 1407 725 1492 speeies?
757 1408 853 1470 babet
879 1408 962 1470 enim
993 1407 1172 1470 satietatem
1203 1406 1271 1470 sine
1294 1406 1352 1470 fas-

402 1508 493 1587 tidio,
512 1522 544 1572 et
566 1508 692 1572 dulcem
715 1509 783 1573 sine
803 1510 929 1573 defectu
953 1522 984 1572 et
1007 1508 1180 1572 inanitione
1202 1507 1353 1572 esuriem:

401 1611 569 1675 conferunt
595 1625 626 1674 et
653 1612 733 1674 miro
759 1610 951 1674 condimenti
978 1610 1103 1693 gratiae,
1125 1633 1210 1695 quos
1237 1623 1356 1675 terrena

402 1712 554 1799 deprimit
569 1713 769 1788 inhabitatio,
785 1711 868 1776 felici
884 1713 1081 1797 superiorum
1106 1713 1271 1776 evectione
1291 1735 1356 1777 sue·

402 1814 559 1899 pendunt.
608 1815 705 1879 Unde
734 1837 860 1878 manum
891 1813 1093 1877 correctionis
1122 1814 1168 1876 eis
1199 1835 1359 1899 apponere

402 1939 464 1980 non
486 1940 656 2001 praesumo,
677 1917 752 2002 quia
773 1916 853 1979 nihil
872 1915 997 1979 invenio
1011 1915 1043 1978 in
1058 1915 1104 1978 eis
1123 1914 1357 2000 corrigendum,

402 2017 458 2103 qui
481 2040 534 2079 eos
557 2030 645 2080 tanta
666 2017 820 2079 aviditate
844 2039 970 2081 vorasse
992 2017 1158 2092 voluerim,
1178 2030 1217 2081 ut
1240 2039 1298 2081 nec
1318 2016 1356 2081 de

403 2118 581 2182 substantia
615 2140 764 2181 sensuum
795 2132 850 2181 aut
883 2119 986 2202 specie
1016 2118 1186 2183 verborum
1217 2117 1358 2184 elabetur

403 2217 479 2280 mihi
502 2219 594 2293 mica,
618 2218 667 2281 vel
691 2219 806 2283 tenuis.
844 2219 946 2283 Micas
969 2219 1051 2283 enim
1074 2231 1105 2283 et
1128 2219 1274 2284 crustula
1296 2222 1359 2284 Do-

403 2318 489 2381 mino
509 2329 638 2383 auctore
661 2319 856 2405 deglutiam:
881 2334 1034 2384 caeterum
1056 2321 1147 2384 norit
1164 2320 1358 2406 experientia

405 2433 520 2497 vestra,
545 2424 620 2506 quia
642 2445 704 2485 non
728 2421 761 2484 in
784 2420 850 2484 solo
873 2443 954 2506 pane
981 2422 1060 2486 vivit
1087 2421 1196 2500 homo,
1218 2435 1251 2487 et
1274 2422 1359 2510 quod

405 2520 575 2608 potationis
611 2523 780 2588 assiduitas
808 2523 895 2608 apud
924 2536 1050 2588 exteras
1079 2523 1224 2588 nationes
1252 2525 1359 2589 fecerit

404 2625 530 2709 Anglos
551 2624 699 2708 insignes.
745 2625 843 2688 Unde
861 2626 987 2709 justum
1009 2625 1149 2689 arbitror
1173 2640 1213 2690 ut
1236 2626 1359 2711 egregie

404 2727 509 2792 cibato
531 2727 717 2814 propinetis,
739 2738 772 2791 et
795 2727 846 2791 cui
868 2725 1061 2811 apposuistis
1083 2738 1115 2790 et
1140 2750 1269 2813 panem,
1290 2752 1360 2815 por-

401 2830 514 2914 rigatis
533 2843 565 2895 et
585 2828 747 2916 poculum.
792 2828 866 2892 Jam
891 2830 974 2891 enim
998 2827 1081 2903 sitio,
1098 2842 1279 2917 poteroque
1304 2852 1356 2894 vo-

406 2944 493 2994 rator
517 2953 635 3017 panum
661 2930 694 2994 in
720 2929 861 2995 siccitate
888 2927 1091 3014 strangulari,
1113 2929 1174 2993 nisi
1196 2931 1361 2996 clementia

405 3045 510 3095 vestra
539 3030 616 3094 mihi
645 3032 754 3095 vinum
786 3032 962 3117 provideat.
1019 3031 1094 3096 Hoc
1124 3031 1237 3118 itaque
1273 3032 1360 3096 vobis

406 3131 548 3214 paratius
562 3144 610 3195 est
625 3154 720 3216 quam
743 3131 845 3207 coelin,
862 3155 934 3217 quae
954 3154 973 3194 a
992 3134 1191 3197 nostratibus
1210 3156 1272 3198 usu
1293 3133 1363 3198 vul·

406 3231 475 3315 gari
492 3232 624 3294 cervisia
644 3246 859 3317 nuncupatur.
903 3236 978 3318 Ego
998 3246 1103 3298 tamen
1125 3234 1296 3322 utriusque
1316 3235 1362 3300 bi·

406 3331 468 3395 bax
488 3352 571 3408 sum,
586 3344 618 3395 et
639 3354 700 3395 non
724 3333 881 3396 abhorreo
902 3334 1056 3420 quicquid
1072 3334 1229 3398 inebriare
1249 3349 1363 3422 potest.

409 3429 471 3497 Sed
494 3431 642 3519 quoniam
668 3431 759 3498 vobis
779 3450 826 3500 est
847 3436 950 3521 copia,
964 3448 1044 3499 teste
1065 3436 1120 3500 illo
1143 3437 1244 3501 veteri
1262 3439 1363 3502 amico

406 3557 487 3611 meo,
501 3534 555 3619 qui
567 3557 739 3621 numquam
752 3535 841 3599 “nisi
855 3549 950 3621 potus
959 3535 999 3600 ad
1011 3548 1095 3600 artes
1106 3536 1287 3622 prosiluit,”
1297 3560 1364 3602 een

410 3659 525 3723 susque
552 3636 699 3714 faciebat,
726 3640 783 3723 qui
809 3660 942 3701 numero
968 3637 1159 3723 syllabarum
1187 3651 1221 3702 et
1246 3639 1364 3726 pedum

407 3737 599 3824 Virgilianos
624 3763 733 3804 versus
757 3740 955 3804 excederent.
1005 3742 1077 3804 Prae
1098 3741 1223 3805 caeteris
1248 3739 1363 3806 inebri-

405 3841 535 3906 antibus
558 3862 655 3905 unum
679 3855 764 3928 peto,
788 3857 824 3905 ut
847 3842 899 3918 sit,
922 3840 1009 3927 qnod
1037 3864 1119 3926 pane
1141 3842 1362 3908 confirmatum

408 3943 574 4010 exhilaret.
619 3947 720 4008 Porro
736 3947 819 4009 inter
839 3958 980 4020 caeteras,
996 3946 1089 4007 vinea
1106 3943 1230 4008 domini
1253 3944 1361 4009 Soretb

408 4046 500 4109 vobis
519 4047 623 4112 notior
638 4061 696 4125 est,
712 4060 743 4112 et
759 4068 833 4131 quae
848 4048 889 4109 ad
907 4068 1001 4109 nsum
1017 4046 1088 4131 ejus
1102 4046 1227 4111 faciunt
1249 4048 1362 4111 instru-

409 4162 515 4213 menta
536 4150 642 4212 omnia
664 4171 759 4232 penes
782 4169 837 4208 vos
861 4170 927 4210 esse
949 4167 1012 4209 non
1040 4147 1179 4231 ambigo
1220 4148 1362 4211 Extrar-

409 4246 477 4310 istis
492 4246 609 4311 ibidem
626 4257 658 4308 ct
677 4266 730 4305 vos
746 4243 896 4318 torcular,
909 4244 1001 4326 cujus
1017 4242 1249 4308 interveniente
1263 4243 1363 4308 officio

409 4350 498 4414 robis
518 4349 624 4410 vinum
646 4347 829 4430 frequenter
850 4343 1050 4430 exprimitur,
1065 4346 1096 4408 in
1120 4369 1215 4411 usum
1237 4365 1361 4412 conver·
