3034 5500
285 736 481 818 tlon-60]
665 754 843 800 nrrsronn.
1200 741 1238 802 tt

281 903 390 992 plcoet,
406 905 551 991 benigne
565 903 752 984 admittatis,
767 918 799 970 et
809 904 968 993 justitiam
984 928 1073 972 suam
1090 906 1236 994 benigni-

280 1019 338 1072 tate
358 1005 458 1072 sollte
478 1004 624 1092 expediri
644 1005 847 1092 proecipiatis.
880 1005 936 1071 Vir
954 1011 1037 1072 enim
1062 1020 1183 1086 tantus,
1203 1023 1237 1074 et

279 1107 384 1193 quiin
409 1131 450 1172 eo
471 1119 618 1172 versetur
639 1104 753 1184 officio,
772 1128 845 1171 cum
868 1106 1075 1174 indemnitate
1095 1107 1236 1175 ecclesian

279 1233 342 1276 ruae
356 1207 417 1276 din
427 1209 539 1274 abesse
552 1228 615 1273 non
631 1207 760 1294 poterit.
791 1207 953 1295 Quicquid
963 1222 1071 1274 nutem
1086 1210 1234 1297 estquod

278 1309 431 1377 adversus
454 1333 541 1389 eum,
556 1309 622 1374 imo
639 1322 751 1375 contro
770 1323 910 1376 sanctam
935 1312 1112 1377 Romanam
1133 1312 1233 1378 eccle-

278 1400 850 1500 ricmprarsumptumesserideritis,
861 1411 944 1477 illud
955 1426 1085 1479 auctore
1094 1413 1234 1479 Domino

276 1512 443 1579 clementia
458 1510 610 1578 venusin
626 1511 740 1577 melius
753 1511 951 1578 reformabit.

310 1819 537 1886 EPISTOLA
561 1795 809 1886 xxxuc-nn
824 1839 1057 1886 murannimal
1074 1841 1194 1887 panau.

596 1975 782 2037 Alexandro
796 1974 911 2057 Pcpc.

317 2122 576 2185 Excsstucnrm
601 2119 780 2185 sanctitatis
803 2132 917 2185 vestrae
941 2144 994 2186 eos
1019 2123 1122 2189 tutius
1145 2149 1229 2192 com-

277 2221 428 2287 mendare
449 2222 685 2308 presumimus,
700 2244 783 2309 quos
802 2222 865 2288 fide
879 2236 912 2288 et
925 2224 1058 2292 caritate
1075 2226 1228 2305 illustres,

276 2324 344 2388 rita
365 2337 398 2390 et
422 2324 568 2389 moribus
590 2323 738 2389 norimus
759 2324 948 2410 regulariter
967 2349 1033 2393 esse
1054 2327 1230 2397 institutos.

278 2425 408 2492 Placent
436 2426 548 2513 itaque
585 2429 755 2492 successori
794 2427 879 2491 beati
914 2429 1013 2505 Petri,
1042 2430 1168 2516 injuriis
1196 2446 1229 2499 et

277 2525 500 2590 vexationibus
524 2547 701 2611 pauperum
726 2526 875 2603 fratrum,
900 2529 932 2592 in
958 2527 1088 2594 ecclesis
1112 2545 1228 2597 sanctas

278 2627 386 2691 Osidoe
402 2625 535 2712 virginis
555 2625 588 2691 in
613 2627 725 2692 babitu
749 2625 889 2713 regulari
911 2627 1063 2694 devotum
1087 2633 1229 2697 Domino

276 2726 467 2795 famulatum
483 2729 693 2805 exibentium,
706 2729 879 2815 apostolica
890 2728 1023 2815 dignum
1038 2732 1229 2798 auctoritate

275 2831 426 2897 adhibere
440 2831 628 2897 remedium.
673 2831 816 2896 Ecclesia
832 2829 961 2916 quidem
977 2830 1032 2893 illa
1045 2832 1117 2896 luce
1130 2834 1228 2897 bono-

275 2956 345 2998 rum
362 2956 496 3021 operum
514 2949 545 2998 et
560 2932 731 3018 religionis,
747 2930 931 3017 integritate
947 2929 1032 3008 vitre,
1048 2955 1084 2996 nc
1099 2955 1229 2999 conver·

276 3037 407 3103 sationis
422 3036 600 3115 sanctitate,
617 3049 716 3101 totam
734 3032 868 3099 insulam
886 3046 1022 3098 nostram
1038 3033 1181 3114 irradiat,
1196 3050 1229 3103 et

276 3138 449 3220 ecclesiam,
477 3160 551 3225 quae
573 3140 660 3225 apud
691 3162 748 3203 nos
779 3151 839 3214 cst,
869 3137 902 3201 in
933 3146 1057 3202 tantum
1088 3134 1228 3203 caritatis

276 3241 407 3306 adornat
422 3240 586 3326 exemplis,
602 3255 639 3305 ut
658 3264 728 3305 eam
743 3240 857 3305 merito
871 3238 1029 3326 majestati
1045 3239 1226 3324 apostolicae

276 3342 408 3407 debenm
431 3342 661 3406 commendare.
717 3342 818 3407 Lator
841 3341 964 3421 horum,
989 3339 1068 3406 Abel
1091 3341 1227 3419 nomine,

276 3444 415 3509 ecclesiae
425 3443 513 3510 illius
524 3445 634 3525 abbas,
644 3466 664 3507 a
675 3443 847 3508 venerabili
859 3444 957 3508 fratre
968 3453 1076 3507 nostro
1088 3443 1228 3510 Ricardo

277 3545 378 3610 Lond.
393 3545 556 3633 episcopo,
568 3546 764 3633 sumptibus,
775 3543 997 3610 vexationibus
1007 3544 1175 3629 fatigatus,
1185 3548 1226 3611 nd

276 3646 430 3711 auxilium
453 3647 676 3711 misericordiae
698 3660 812 3712 vestroe
833 3646 1005 3731 confugere
1027 3668 1151 3711 necesse
1174 3648 1228 3714 ba-

276 3747 356 3813 buit.
405 3749 444 3812 ln
459 3771 586 3814 causam
603 3771 741 3836 namque
755 3772 776 3813 a
790 3748 925 3835 praefato
943 3748 1091 3834 episcopo
1106 3760 1228 3815 tractus

275 3862 321 3915 est
350 3872 448 3937 super
476 3851 668 3937 quibusdam
705 3850 846 3915 ecclesiis
874 3848 915 3913 ad
945 3848 1106 3913 ecclesiam
1137 3874 1225 3916 suam

274 3951 444 4017 donatione
470 3952 601 4017 Ricardi
634 3953 725 4017 bonae
754 3950 914 4015 memoriae
945 3949 1051 4014 Lond.
1077 3950 1226 4038 episcopi,

275 4053 455 4121 fundatoris
476 4056 617 4143 ejusdem
640 4054 791 4130 ecclesiae,
813 4053 871 4138 qui
897 4066 1034 4138 quartus
1055 4066 1129 4117 ante
1151 4075 1224 4117 eum

274 4156 305 4220 in
336 4157 467 4221 ecclesis
496 4157 580 4222 beati
613 4155 704 4222 Pauli
736 4153 897 4231 militavit,
926 4152 1102 4218 devolutis:
1137 4155 1224 4218 char·

275 4269 339 4323 t'anr
363 4283 495 4347 quoque
517 4260 650 4325 illustris
672 4258 755 4345 regis
779 4256 911 4321 llenrici
935 4257 1040 4342 primi,
1062 4268 1093 4319 ct
1114 4254 1226 4318 confir-

275 4359 445 4424 mationem
473 4361 577 4440 bnnae,
595 4359 749 4444 jucundae
773 4354 999 4422 recordationis
1025 4353 1106 4417 Rad.
1132 4355 1225 4416 Cant.
