3034 5500
291 781 494 861 llos-ot]
681 798 860 843 rprsrosn.
1205 783 1247 842 69

288 963 321 1015 et
347 951 375 1014 si
407 949 490 1035 quid
520 949 719 1034 tyrannicum
751 948 888 1012 atrocius
916 938 1091 1032 excogitari
1116 946 1245 1032 potest?

291 1055 334 1117 Et
349 1052 485 1138 quidem
503 1052 583 1115 bene
598 1075 670 1115 cum
687 1049 816 1114 ecclesia
831 1064 937 1113 sctum
953 1064 1013 1126 cst,
1026 1049 1113 1135 quod
1125 1052 1245 1124 caesar,

288 1155 345 1240 qui
361 1155 486 1229 aderat,
504 1153 598 1240 plura
608 1154 723 1239 jubere
738 1153 879 1227 erubuit,
896 1175 991 1239 quam
1008 1153 1077 1238 ipsa
1092 1151 1170 1238 pati.

333 1261 462 1323 Possem
489 1256 639 1343 pluribus
662 1256 702 1320 ad
725 1279 763 1318 ea
786 1278 860 1341 quae
883 1255 1038 1340 scripsisti
1063 1254 1244 1326 rescribere,

288 1359 343 1422 sed
366 1360 436 1423 haec
459 1362 535 1424 satis
557 1381 624 1421 esse
646 1358 785 1422 arbitror
807 1357 847 1421 sd
870 1357 1139 1441 persuadendum,
1162 1367 1198 1418 ut
1217 1354 1243 1417 si

290 1461 358 1524 fieri
373 1474 493 1548 potest,
509 1460 726 1525 Alexandrum
747 1459 897 1523 dominus
917 1458 1081 1524 Remensis
1102 1456 1244 1543 recipiat,

290 1577 323 1627 et
336 1585 521 1641 consensus,
537 1563 563 1625 si
583 1563 629 1625 ita
645 1561 761 1625 viderit
780 1561 941 1648 expedire,
958 1561 1059 1623 donec
1079 1560 1146 1633 fiat,
1161 1581 1245 1621 com·

291 1665 385 1728 mode
400 1665 577 1728 differatur.
625 1665 707 1728 Nam
723 1664 784 1726 hoc
806 1665 882 1726 satis
897 1684 1082 1747 persuasum
1097 1660 1192 1723 credo
1208 1670 1245 1722 ut

291 1790 356 1830 non
371 1767 549 1851 acquiescat
569 1766 772 1852 imperatoris
791 1764 911 1827 idolum
932 1765 1074 1827 adorare.
1123 1762 1155 1824 Si
1171 1784 1245 1824 vern

293 1868 470 1953 periculum
499 1868 686 1946 immineret,
712 1889 777 1930 rem
808 1867 934 1929 interim
958 1865 1078 1929 differri
1108 1885 1245 1926 commo·

293 1969 459 2033 dissimum
474 1978 531 2032 est.
576 1971 616 2032 ln
637 1969 734 2032 rebus
754 1968 863 2032 arduis
881 1967 1057 2055 periculosa
1070 1978 1118 2030 est
1134 1964 1244 2050 praeci-

291 2070 416 2155 pitstio,
441 2083 473 2134 et
499 2092 586 2133 mora
608 2093 682 2156 quae
704 2071 737 2133 in
763 2070 858 2133 rebus
879 2069 1040 2153 expeditis
1065 2067 1241 2154 periculum

289 2172 399 2249 trabit,
414 2170 598 2258 frequenter
618 2175 702 2259 parit
720 2173 992 2257 opportunitatem
1017 2169 1241 2255 gerendorum.

289 2274 454 2360 Pupiensis
484 2289 515 2338 et
554 2274 758 2339 Placentinus
794 2274 932 2359 episcopi
970 2273 1046 2337 satis
1083 2285 1115 2336 et
1145 2294 1243 2356 supra

291 2376 435 2452 modum,
451 2399 511 2462 pro
532 2389 623 2462 parte
637 2399 713 2461 quae
732 2377 864 2439 confidit
880 2381 911 2439 in
928 2376 1065 2452 homine,
1082 2374 1242 2438 sollicitati

290 2489 374 2556 sunt,
391 2476 447 2540 sed
471 2489 585 2540 neuter
607 2498 715 2538 eorum
740 2476 895 2539 consensit
916 2476 1046 2540 consilio
1066 2491 1097 2539 et
1118 2475 1243 2539 actibus

289 2579 483 2664 iniquorum,
494 2578 644 2662 quoniam
656 2590 826 2663 expectant
837 2591 868 2642 et
881 2579 940 2663 ipsi
953 2600 1086 2662 regnum
1100 2577 1243 2654 Domini,

287 2681 332 2744 eis
360 2692 468 2744 tamen
498 2680 642 2742 imminet
676 2680 859 2766 imperator,
891 2694 926 2742 ut
956 2701 1065 2741 eorum
1095 2678 1242 2763 exemplo

289 2783 428 2846 roborati
444 2782 627 2844 remotiores
643 2781 776 2844 verbum
792 2781 910 2844 faciant
933 2803 992 2864 pro
1008 2780 1140 2843 veritate
1155 2800 1243 2841 secu·

290 2885 369 2960 rius,
384 2882 589 2947 ascendentes
603 2904 644 2945 ex
655 2883 790 2946 adverso
805 2881 968 2967 luporum,
981 2886 1099 2966 seipsos
1116 2902 1242 2944 murum

288 2999 451 3073 opponant
467 2987 747 3071 inexpugnabilem
764 3007 823 3069 pro
838 2984 934 3046 domo
952 2982 1061 3046 Israel.
1105 2984 1151 3045 Et
1165 2982 1244 3066 quia

290 3088 348 3151 tibi
362 3109 426 3151 non
441 3087 535 3151 aliter
549 3109 585 3149 ac
600 3088 678 3151 mihi
699 3088 759 3173 ipsi
782 3086 905 3172 loquor,
920 3084 1077 3171 quicquid
1091 3084 1193 3148 fervet
1208 3083 1241 3147 in

287 3203 426 3275 pectore,
452 3202 599 3276 patenter
625 3212 792 3274 exponam.
839 3190 892 3252 Tu
920 3188 1011 3275 quasi
1038 3186 1182 3264 vicinior,
1209 3200 1241 3249 et

287 3293 338 3355 cui
367 3315 473 3356 rerum
504 3292 601 3355 facies
630 3291 819 3355 familiarius
848 3292 1028 3367 innotescit,
1054 3290 1172 3377 poteris
1200 3289 1242 3353 de

285 3395 420 3481 singulis
435 3395 560 3481 plenius
574 3407 606 3458 et
622 3394 747 3459 fidelius
765 3395 922 3480 judicare.
969 3397 1001 3459 Si
1023 3394 1241 3459 schismaticus

288 3498 378 3561 furor
401 3498 560 3561 roboratis
587 3496 733 3583 partibus
760 3497 865 3560 minus
886 3498 1054 3580 ingruerit,
1081 3509 1118 3560 ut
1146 3518 1242 3581 penes

284 3622 365 3685 quos
379 3599 524 3664 ecclesiae
544 3602 698 3663 Romanae
718 3611 840 3662 constet
859 3599 1044 3676 auctoritas,
1059 3622 1126 3662 esse
1142 3599 1240 3683 possit

285 3702 488 3788 ambiguum,
504 3700 582 3763 nihil
605 3701 682 3763 mihi
699 3701 828 3764 videtur
849 3705 1035 3780 consultius,
1049 3724 1144 3786 quam
1160 3724 1242 3787 prae-

284 3804 447 3870 electionis
463 3802 650 3866 sententiam
668 3802 789 3866 differri
801 3803 834 3865 in
847 3802 930 3866 diem
948 3802 1149 3865 revelationis
1159 3804 1240 3887 justi

279 3905 392 3990 judicii
410 3904 558 3984 Domini,
573 3905 721 3989 quoniam
738 3904 794 3968 illa
809 3905 875 3967 sola
896 3905 964 3968 dies
980 3905 1099 3967 victum
1115 3904 1239 3967 factura

281 4024 446 4074 nocentem
464 4019 523 4069 est.
570 4007 604 4070 Si
620 4006 763 4090 quidem,
779 4019 816 4070 ut
831 4006 876 4069 ait
889 4006 955 4085 ille,

414 4157 503 4211 Nulla
517 4174 608 4209 manns
620 4156 683 4209 belli
696 4163 795 4210 mutato
803 4158 893 4229 jndice
905 4175 968 4228 puro
982 4163 1031 4210 est.

278 4307 317 4374 Et
331 4307 481 4375 bominis
493 4303 622 4389 justitia
638 4304 819 4369 meritorum
834 4305 967 4368 veritate
983 4326 1043 4366 non
1060 4301 1167 4387 plane,
1180 4324 1241 4363 nnn

275 4410 363 4491 pleno
388 4405 576 4482 intellectu,
591 4404 698 4489 aliqua
720 4407 837 4469 erroris
851 4406 937 4469 nube
953 4404 1141 4489 plerumque
1166 4402 1240 4465 sub·
