3034 5500
148 765 255 851 lieu]
538 787 717 833 nursinum.
1040 778 1103 835 257

144 937 343 1002 obfuturum.
391 939 425 1002 si
455 951 558 1002 autem
589 940 736 1002 homines
769 940 969 1024 interpellare
998 950 1101 1002 tutum

146 1058 213 1102 uon
236 1038 346 1116 fuerit,
373 1040 550 1104 Dominum
580 1062 690 1125 quaeso
717 1039 864 1105 devotius
888 1039 1039 1116 exoretis,
1065 1054 1101 1103 ut

146 1159 275 1222 gressus
290 1162 380 1205 meos
396 1142 513 1222 dirigat
527 1143 560 1204 in
576 1142 698 1206 semitis
712 1143 798 1220 suis3
823 1154 939 1227 potens
953 1143 1038 1206 enim
1053 1153 1102 1206 est

147 1239 269 1326 ubique
298 1244 444 1308 locorum
470 1244 548 1307 mihi
578 1243 712 1326 patriam
743 1245 860 1321 facere,
883 1258 916 1308 et
941 1242 1097 1330 quicquid

147 1340 290 1406 aufertur
304 1343 405 1422 domi,
419 1365 551 1428 peregre
567 1344 735 1409 salubriter
750 1365 965 1429 compensare.

209 1587 434 1653 EPISTOLA
457 1590 695 1654 CLXIV.-an
711 1608 887 1653 nicannurr
901 1607 1039 1652 ascaro.

366 1709 622 1755 mensunusum.
672 1692 754 1771 [an.
775 1694 883 1772 llus]

322 1843 465 1906 Ricardo
478 1845 705 1907 archidiacono
720 1845 930 1908 Prcravtensr.

192 1978 390 2042 Murtrurssu
400 1987 506 2060 potest
516 1987 618 2040 restra
627 1975 787 2054 discretio,
796 1978 830 2039 in
842 1997 906 2060 qua
916 1997 973 2060 spe
984 1976 1101 2039 avobis

151 2078 369 2155 discesserim,
394 2078 525 2162 quando
555 2101 607 2142 me
638 2080 804 2142 sinceritas
830 2089 933 2143 restra
963 2078 1101 2163 quadam

149 2181 420 2245 reconciliationis
440 2194 473 2244 et
494 2183 585 2264 pacis
603 2183 654 2244 ria
676 2192 872 2264 praeostensa
893 2181 1098 2245 exhilaravit:

150 2283 281 2366 etquis
302 2282 379 2346 mihi
402 2281 543 2345 nondum
566 2284 704 2346 innotuit
726 2295 883 2368 quatenus
908 2282 1105 2347 convaluerit

150 2379 227 2444 fidei
252 2389 364 2443 vestrm
390 2380 570 2463 promissio,
595 2402 705 2465 quaeso
727 2385 778 2445 rel
797 2404 896 2461 nuuc,
918 2406 981 2462 me,
1007 2406 1102 2469 quem

149 2481 273 2545 incerta
301 2502 358 2565 spe
387 2481 517 2558 fecistis,
546 2503 611 2544 non
646 2483 715 2546 sine
753 2485 905 2566 temporis
933 2507 1101 2569 rerumque

148 2582 321 2666 dispendio
344 2583 443 2664 gravi,
465 2582 619 2646 hactenus
642 2584 816 2657 fluctuare3
847 2604 867 2645 a
888 2582 1100 2648 dubitationis

149 2683 239 2746 hunc
254 2683 405 2764 ambiguo
420 2683 604 2760 absolvatis,
620 2693 656 2745 ut
670 2683 711 2746 de
727 2693 844 2745 caetero
859 2704 985 2766 semper
999 2693 1101 2746 restet

150 2786 212 2849 sim
230 2795 262 2849 et
277 2797 460 2848 vestrorum.
490 2785 575 2847 Nam
587 2786 614 2847 si
625 2784 727 2848 redire
739 2796 842 2848 tutum
854 2784 957 2859 suerit,
969 2794 1100 2867 paratus

149 2908 221 2950 sum
250 2886 381 2949 domino
405 2885 470 2966 regi
496 2883 656 2965 condigno
685 2885 876 2961 satisfacere,
902 2885 1100 2968 ubicumque

147 3008 214 3052 non
224 2997 336 3072 potero
348 3007 451 3050 meam
462 2986 680 3049 innocentiam
691 3007 856 3049 excusare.
888 2987 956 3049 Vos
968 2986 1100 3048 sortasse

146 3093 188 3155 ab
211 3089 308 3174 hujus
330 3089 418 3152 serbi
439 3098 573 3150 tractatu
596 3088 747 3151 militares
768 3090 924 3151 tumultus
945 3088 1102 3151 hactenus

148 3191 394 3277 praepedicrunt,
408 3202 463 3253 aut
477 3189 674 3253 domesticus
693 3190 805 3268 hostis,
820 3206 853 3254 et
867 3192 929 3268 cui,
945 3192 972 3254 si
991 3189 1101 3254 decro-

148 3303 217 3356 tum
231 3291 336 3368 suerit,
349 3311 514 3373 nunquam
528 3289 656 3351 habebo
671 3312 796 3373 pacem.
835 3293 910 3354 Non
926 3293 1011 3355 enim
1027 3302 1101 3355 anto

149 3392 262 3456 nocuit
288 3411 383 3475 quam
407 3389 507 3453 fidem
532 3400 565 3452 et
590 3389 765 3453 amicitiam
794 3392 956 3474 pollicitus
985 3402 1045 3470 cst,
1070 3404 1103 3456 et

149 3494 282 3555 multam
309 3489 552 3573 promotionem.
607 3483 704 3550 Nunc
730 3502 836 3554 autem
862 3492 995 3554 obsecro
1021 3493 1100 3556 mihi

147 3592 350 3675 significetis,
364 3600 522 3675 quatenus
536 3609 587 3651 me
602 3610 727 3673 sperare
744 3602 901 3673 oporteat,
916 3605 949 3656 et
971 3595 1101 3678 quasia

149 3692 363 3760 incedendum
383 3691 434 3767 sit,
449 3691 477 3753 si
492 3690 555 3753 alia
569 3711 655 3753 nunc
670 3693 789 3773 placet,
803 3714 899 3776 quam
919 3715 991 3778 qum
1013 3695 1102 3778 prius

149 3805 278 3860 ostensa
289 3803 357 3857 est:
381 3804 414 3858 et
424 3793 450 3855 si
462 3791 570 3875 aliquo
582 3791 678 3856 modo
693 3793 773 3855 mihi
788 3795 986 3858 redeundum
998 3794 1103 3869 suerit,

149 3896 325 3981 providete,
351 3905 387 3956 ut
410 3914 469 3976 per
494 3891 644 3956 Cantium
670 3912 782 3956 secure
807 3894 940 3957 transire
967 3894 1100 3976 possim,

150 3993 423 4075 memineritisque
438 3990 606 4067 minarum,
617 4001 650 4053 et
660 3991 748 4054 verbi
763 3990 850 4074 quod
865 3992 954 4055 vobis
965 3990 1103 4077 exposui

151 4098 290 4162 Parisiis.
