3034 5500
294 784 407 859 ner]
677 798 857 844 arrsroua.
1187 787 1251 842 309

287 953 349 1014 etsi
372 974 440 1015 non
463 951 616 1034 expediat
637 952 792 1032 religioni.
837 951 950 1012 Timeo
973 970 1049 1030 ergo
1070 970 1110 1012 ne
1133 954 1244 1034 appel·

281 1055 414 1118 lationis
430 1053 515 1116 diem
531 1063 675 1136 oporteat
690 1052 865 1135 expectari,
880 1063 913 1114 et
937 1073 1034 1135 quum
1058 1074 1097 1114 eo
1113 1064 1242 1114 ventum

285 1154 390 1228 suerit,
418 1174 470 1231 ne,
497 1153 552 1236 qui
578 1151 717 1233 diligunt
742 1171 884 1226 munera,
909 1162 1085 1235 sequantur
1109 1153 1242 1214 retribu-

284 1253 406 1316 tiones:
440 1272 547 1314 vereor
570 1251 655 1313 enim
677 1251 840 1332 angustias
862 1252 1024 1333 temporis,
1048 1264 1081 1314 et
1107 1253 1241 1315 circum-

285 1354 420 1417 stantias
435 1366 569 1429 nostras,
584 1364 617 1416 et
631 1354 773 1416 aliorum.
812 1353 950 1429 Nostris,
962 1353 1059 1415 immo
1076 1352 1195 1415 Christi
1209 1365 1242 1416 et

284 1456 432 1518 ecclesiae
455 1455 653 1530 adversariis,
676 1453 841 1516 decretum
862 1465 910 1514 est
935 1463 971 1515 ut
992 1473 1053 1514 nos
1076 1454 1240 1516 vulnerent

284 1567 318 1618 et
333 1556 521 1618 confodiant
535 1555 644 1638 spoliis
659 1553 785 1628 nostris,
801 1553 917 1635 quibus
932 1553 959 1616 si
973 1554 1100 1614 interim
1114 1555 1241 1616 vexatio

283 1655 360 1720 data
381 1657 478 1720 fuerit
499 1656 539 1720 ad
562 1658 771 1733 intellectum,
793 1655 926 1717 fortasse
949 1655 1114 1737 proniores
1136 1665 1239 1727 eruut,

284 1769 372 1821 metu
387 1759 530 1821 laborum
547 1771 579 1820 et
593 1768 789 1840 sumptuum,
805 1755 845 1818 ad
870 1776 984 1838 pacem
1007 1754 1239 1818 reformandam

282 1860 344 1923 sibi
370 1875 402 1923 et
426 1862 528 1923 nobis.
574 1861 658 1922 Nam
683 1860 746 1922 hoc
769 1860 875 1941 ipsum
901 1859 1054 1922 malitiam
1077 1881 1185 1922 eorum
1208 1874 1241 1924 et

283 1960 452 2024 audaciam
466 1962 574 2037 nutrit,
589 1961 674 2044 quod
690 1961 785 2023 nobis
801 1961 876 2022 solis
899 1961 1128 2036 laborantibus,
1143 1961 1190 2023 illi
1205 1962 1240 2024 iu

283 2065 449 2148 opulentia
474 2076 506 2128 et
532 2063 748 2147 voluptatibus
773 2065 839 2126 suis
864 2064 1020 2127 hactenus
1045 2065 1240 2146 quieverunt.

282 2166 327 2229 Et
350 2167 425 2248 quia
439 2167 612 2228 humanum
627 2166 721 2228 nobis
736 2165 827 2228 deest
849 2165 1019 2241 auxilium,
1034 2175 1102 2228 tota
1123 2169 1239 2230 mentis

283 2266 460 2331 intentione
483 2267 703 2346 confugiamus
726 2265 768 2330 ad
790 2266 977 2341 Dominum,
1002 2277 1036 2328 ut
1059 2289 1079 2329 a
1100 2290 1238 2351 praesen-

283 2369 369 2430 tibus
385 2377 417 2430 et
429 2368 670 2431 imminentibus
688 2368 782 2429 malis
804 2367 966 2450 expediat,
982 2380 1014 2430 et
1035 2380 1126 2432 scuto
1142 2371 1235 2433 mise·

282 2471 413 2533 rationis
429 2491 494 2533 sum
510 2466 688 2533 circumdet
702 2489 762 2531 nos
778 2469 891 2531 veritas
906 2468 984 2550 ejus.

333 2911 554 2975 EPISTOLA
578 2911 881 2973 chxxlv.—ro
896 2927 1186 2974 nanrnorounuu

413 3030 628 3075 uxournusnu
645 3030 842 3075 nersconuu.
891 3012 975 3092 [un.
996 3015 1104 3089 llos]

318 3146 458 3208 Domino
474 3148 710 3210 Bartteotomeo
726 3148 908 3210 liconiensi
923 3148 1083 3228 Episcopo
1097 3150 1193 3212 Joorr.

706 3249 813 3310 Seres.

324 3367 449 3428 Munus
465 3365 593 3449 quidem
608 3365 779 3428 scribenda
794 3378 912 3440 essent,
925 3368 982 3430 sed
992 3369 1141 3449 angustia
1151 3381 1230 3433 tem-

279 3464 376 3551 poris,
399 3477 431 3528 et
452 3467 702 3530 necessariarum
727 3468 884 3530 tumultus
905 3471 1153 3551 occupationum
1176 3493 1231 3534 co·

279 3580 367 3651 gunt,
381 3568 1081 3654 uteaperstringampotiusquamexpouam.
1106 3574 1229 3655 Recepi

278 3692 390 3754 nuper,
413 3682 542 3732 auctore
572 3670 724 3747 Domino,
748 3671 876 3733 fratrem
906 3695 1012 3735 meum
1040 3674 1230 3754 benignitati

278 3780 311 3834 et
331 3772 515 3834 liberalitati
537 3783 648 3835 vestrae
671 3774 944 3853 congratulantem
968 3775 1001 3836 in
1024 3775 1177 3858 plurimis,
1196 3786 1228 3837 et

278 3893 329 3934 me
359 3883 473 3955 praeter
499 3872 678 3955 plurimam,
702 3894 798 3955 qnam
827 3874 982 3937 habebam
1012 3874 1053 3937 ad
1083 3896 1150 3952 vos,
1173 3875 1228 3938 de·

277 3973 555 4053 votionem,longe
571 3974 764 4036 devotiorem
779 3975 866 4050 secit,
881 3985 913 4037 et
923 3975 1025 4056 magis
1040 3976 1227 4039 obnoxium.

277 4075 317 4136 In
344 4075 447 4158 ipsius
472 4096 545 4138 vero
570 4075 708 4137 adventu
732 4076 900 4158 cujusdam
923 4077 1109 4140 amicissimi
1130 4080 1229 4141 nostri

276 4178 385 4259 recepi
408 4177 540 4251 litteras,
556 4174 669 4259 quides
692 4197 742 4238 me
766 4177 868 4239 voluit
889 4178 1088 4259 praemunire,
1105 4189 1136 4241 et
1160 4200 1225 4256 ros,

277 4275 305 4338 si
321 4276 389 4339 fieri
405 4286 524 4358 posset,
540 4297 596 4358 per
611 4296 672 4348 me,
688 4275 776 4359 quod
791 4298 848 4339 rex
872 4277 1025 4359 praecepit
1047 4297 1103 4358 per
1123 4278 1226 4338 Jocel.

275 4374 317 4439 de
335 4376 486 4451 Ballolio,
505 4387 538 4439 et
557 4376 710 4460 quosdam
733 4376 812 4438 alios
827 4376 987 4438 ministros
1002 4375 1129 4455 pietatis
1150 4396 1226 4452 sum,
