3034 5500
279 752 343 811 268
531 763 668 809 ioannis
686 761 980 808 samuearnusrs
1157 747 1200 826 [a.
1211 767 1235 812 n

279 912 515 999 proscriptionis
530 933 613 976 meae
623 909 884 976 erubescentiam
896 911 1041 977 sustinui
1056 913 1099 978 do
1114 915 1236 1000 repulsa.

281 1013 333 1079 Ex
357 1013 406 1078 his
435 1030 469 1081 et
497 1012 755 1098 praecedentibus
785 1024 877 1098 patet
898 1013 954 1078 via
979 1013 1110 1097 rationi,
1131 1016 1184 1081 sed
1209 1016 1236 1082 in

278 1115 400 1182 litteras
415 1139 455 1180 ex
470 1114 637 1180 affectione
653 1125 740 1179 totus
755 1114 948 1191 defluerem,
965 1116 1029 1180 nisi
1046 1117 1199 1182 moclestia
1210 1132 1238 1182 et

278 1217 498 1304 multiplicitas
512 1215 771 1301 occupationum,
786 1216 905 1302 quibus
926 1217 962 1280 id
985 1217 1150 1283 tantillum
1171 1219 1224 1284 sub

279 1317 373 1404 ripui,
389 1317 631 1403 compellerent,
647 1329 684 1379 ut
698 1315 805 1380 dicam
820 1339 861 1381 ex
876 1317 1001 1397 animo,
1019 1318 1156 1385 Valctc!

321 1576 545 1640 EPISTOLA
568 1576 809 1639 CLXIX.—.tn
824 1593 1033 1640 uanrsranu
1048 1595 1201 1641 Joattxlttl

543 1693 776 1739 sanaacauuu.
803 1675 893 1754 [an.
912 1677 1026 1757 llud]

506 1811 670 1891 Magistro
682 1809 811 1872 Joanni
826 1809 1027 1875 Sarraceno.

328 1916 492 1982 Ltrreaae
515 1915 694 1980 dilectionis
717 1929 843 1996 vestrae,
865 1938 964 2002 super
985 1919 1116 2006 quibus,
1139 1918 1234 2006 quoad

283 2019 402 2096 vixero,
417 2018 531 2104 gratiae
545 2018 635 2083 vobis
657 2017 815 2083 habendae
837 2035 913 2082 sunt
928 2031 964 2083 ct
977 2021 1127 2105 agendae,
1144 2022 1237 2107 pbilo-

281 2121 417 2206 sophum
433 2135 467 2185 et
483 2121 700 2186 Christianum
717 2121 836 2207 pariter
850 2121 1010 2199 redolent,
1026 2135 1061 2187 et
1076 2123 1236 2208 multiplici

280 2233 314 2284 et
340 2223 463 2307 patenti
485 2235 703 2309 protestantur
728 2223 864 2302 indici03
890 2227 980 2311 quod
1001 2227 1045 2291 de
1067 2226 1236 2292 abundanti

280 2324 433 2390 virtutum
451 2338 485 2389 et
499 2325 678 2389 litterarum
690 2327 908 2412 promptuario
918 2343 1154 2413 processerunt
1178 2329 1237 2394 Sed

280 2449 341 2492 neo
363 2440 468 2491 orator
490 2426 553 2490 illis
575 2427 731 2493 cudendis
752 2430 866 2506 defuit,
892 2443 950 2494 aut
974 2432 1163 2509 condendis,
1184 2432 1235 2518 qui

280 2530 367 2617 quod
383 2530 463 2595 ratio
478 2529 708 2616 philosophica,
723 2542 757 2595 et
780 2531 974 2597 Christianae
993 2533 1157 2618 religionis
1170 2555 1236 2620 pro-

279 2631 374 2698 fessio
388 2633 590 2717 suggerebat,
604 2631 819 2698 efficacissime
834 2636 1001 2720 persuasit.
1027 2636 1141 2720 Viguit
1154 2635 1235 2700 cuim

280 2758 339 2824 per
366 2735 502 2820 gratiam
537 2734 635 2801 dictio
669 2736 813 2822 apposita
848 2736 888 2801 ad
926 2738 1178 2825 persuasionem,
1206 2757 1236 2802 et

280 2853 413 2905 eatenus
427 2839 512 2925 cepit
531 2850 565 2902 et
585 2837 719 2924 proiecit
739 2838 771 2902 in
789 2861 852 2917 me,
869 2851 906 2904 ut
919 2841 962 2905 de
980 2853 1101 2905 caetero
1121 2841 1235 2927 pigeat,

282 2942 309 3008 si
339 2944 420 3007 forte
444 2965 483 3007 ex
509 2939 694 3005 infirmitate
720 2941 890 3025 contigerit
915 2941 1127 3007 acerbitatem
1152 2942 1238 3007 exilii

283 3045 459 3120 nominare,
475 3056 508 3109 et
529 3044 660 3108 omnino
682 3045 801 3129 pudeat
824 3043 1015 3112 nominasse.
1062 3045 1148 3110 Nam
1167 3046 1239 3111 licet

282 3146 369 3209 exilii
395 3159 537 3232 quartus,
564 3158 598 3208 ct
623 3144 858 3231 proscriptionis
882 3168 966 3210 mcae
992 3146 1107 3212 tertius
1128 3163 1239 3232 agatur

281 3267 394 3322 annus,
412 3248 482 3330 jam
505 3246 632 3310 turbine
655 3247 793 3311 tonunae
814 3248 921 3311 minus
945 3247 1050 3313 indies
1075 3250 1237 3318 concutior

280 3357 337 3412 aut
352 3369 482 3412 moveor
495 3348 631 3427 damnis,
643 3347 785 3433 prolecto
800 3348 902 3413 sciens
916 3371 1096 3436 numquam
1112 3351 1145 3415 in
1161 3352 1236 3416 meis
1286 3382 1289 3389 ·

281 3448 377 3513 fuisse
393 3450 484 3513 bonis
499 3473 574 3536 quae
589 3464 655 3515 tam
671 3450 764 3515 facile
787 3451 936 3516 inimicus
954 3454 1106 3518 extorsit:
1129 3467 1162 3519 et
1176 3454 1235 3518 lor·

280 3562 364 3617 tasse
381 3551 495 3615 rectius
511 3553 651 3617 amicum
671 3553 818 3630 dixerim,
834 3554 889 3640 qui
911 3554 1021 3620 ocnlos
1036 3578 1127 3621 meos
1141 3556 1235 3642 phun·

280 3652 399 3718 testinis
423 3651 560 3717 lortunae
582 3653 728 3719 ludibriis
750 3656 943 3740 proestrictos
963 3657 1103 3743 aperuit,
1125 3670 1159 3722 et
1183 3678 1235 3721 ex·

280 3755 378 3819 cussis
400 3754 571 3819 curialibus
593 3755 697 3838 nugis,
718 3768 752 3820 et
773 3755 932 3820 illecebris
947 3757 1162 3843 voluptatum,
1183 3778 1233 3821 mo

280 3854 312 3918 in
329 3859 413 3921 viam
428 3857 552 3922 virtutis
569 3857 709 3943 impulit,
729 3870 764 3922 ct
785 3858 1079 3945 philosophantium
1101 3860 1232 3924 coetibus

279 3960 471 4041 aggregavit.
497 3960 609 4045 Longe
619 3959 950 4048 ergoliberior,quam
960 3983 1064 4047 quum
1073 3962 1233 4027 mundana

279 4057 476 4141 supellectile
498 4072 532 4124 et
553 4062 718 4127 sarcinulis
739 4062 942 4126 fortuitorum
965 4063 1142 4149 premerer,
1162 4064 1232 4129 loeta

279 4158 411 4245 quidem
426 4162 618 4243 conditione,
633 4186 674 4229 ne
695 4164 801 4230 dicam
816 4177 1017 4252 paupertate,
1032 4166 1121 4252 quod
1135 4164 1232 4251 pbilo-

279 4260 390 4346 sophia
403 4262 512 4343 dictat,
527 4267 682 4350 experior,
699 4267 776 4352 quia

488 4370 573 4423 Omne
584 4372 666 4426 solum
678 4372 737 4426 forti
749 4377 834 4445 patria
847 4382 896 4437 eet,
